3600 5759
669 408 701 459 de
719 408 790 457 rebus
810 406 914 471 Ophieis.
1423 367 1487 474 55·

157 587 271 668 piendum:
300 586 329 646 id
352 584 388 645 fit
412 591 495 645 metu
519 584 642 663 capitis,
679 600 737 663 qno
759 597 837 646 nnus
859 584 961 646 oculus
991 584 1118 647 efficitur
1141 591 1274 664 tempore
1299 585 1390 666 quasi
1408 587 1466 648 duo

156 677 187 737 rel
204 676 285 754 plnres
309 674 398 737 oculi.
447 671 551 733 Omnis
577 690 646 734 vero
671 672 781 733 locatio
805 672 945 751 imaginis
970 681 1018 734 est
1041 674 1149 734 meotis
1165 693 1217 734 seu
1241 674 1336 734 uraris
1359 692 1465 736 sensus

155 762 275 825 communis
297 782 382 842 opus.
430 759 577 840 Quicquid
598 762 676 822 enirn
692 770 741 822 est
764 762 911 841 imaginis,
938 779 1014 842 quae
1039 781 1095 822 nou
1121 769 1168 822 est
1191 761 1242 834 rei,
1263 762 1294 822 id
1318 771 1365 823 est
1389 762 1465 824 ima-

154 852 290 929 ginationis,
315 851 416 912 idest
438 850 557 911 mentis.
606 850 653 910 Ex
676 851 830 911 schemate
854 846 906 912 53.
932 851 989 911 mei
1012 850 1079 911 libri
1104 868 1206 929 negas,
1232 848 1255 911 S
1279 868 1346 912 esse
1371 852 1467 913 locum

154 940 271 1018 imaginis:
305 958 373 1000 esse
407 940 485 998 enim
514 938 638 1000 cuilibet
668 939 753 1000 oculo
786 948 959 1019 separatum
993 939 1130 1016 imaginis
1161 938 1256 999 locum
1280 940 1308 1000 iu
1333 940 1464 1018 speculo.

152 1030 199 1090 noi
215 1048 253 1089 ne
276 1026 444 1089 diutissime
468 1028 552 1106 prins
575 1046 765 1090 exercueram
781 1028 808 1089 in
825 1028 964 1105 speculis,
989 1046 1077 1107 quam
1094 1028 1199 1089 librum
1216 1028 1340 1107 scripsi,
1364 1036 1465 1090 tumen

153 1116 271 1197 conjecisti
294 1136 343 1193 me
366 1116 396 1177 in
420 1128 533 1176 noram
552 1115 629 1177 hanc
653 1136 764 1179 curam.
798 1116 877 1178 Natu
900 1135 994 1196 usqne
1018 1117 1054 1177 ad
1070 1117 1220 1178 oculorum
1235 1117 1368 1178 dolorem
1392 1125 1465 1178 corr-

154 1206 264 1285 tenplaus
287 1223 345 1266 non
369 1204 454 1283 potui
478 1205 715 1284 deprehendere,
744 1224 819 1285 quae
844 1212 876 1266 tu
895 1205 1000 1283 jactas
1023 1205 1149 1267 vidisse:
1183 1224 1242 1265 una
1265 1206 1345 1267 enim
1367 1205 1466 1284 imago

153 1295 225 1354 oblata
245 1294 299 1355 init
323 1292 442 1373 utrique
466 1294 568 1367 oculo,
594 1292 830 1373 sinrul'apertis.
869 1294 928 1355 llla
951 1294 1068 1373 quidem
1088 1292 1183 1371 major
1199 1292 1357 1355 ridebatur
1381 1295 1466 1355 oculo

152 1383 288 1462 propinquo,
315 1399 403 1461 quam
425 1382 474 1441 vel
497 1382 652 1444 remotiori
676 1383 721 1443 vel
746 1381 879 1461 utrisque
904 1382 1027 1462 apertis.
1075 1380 1136 1444 Sed
1159 1381 1189 1441 id
1213 1399 1270 1441 non
1294 1390 1343 1443 εει
1364 1386 1467 1450 nodos

153 1470 260 1531 lucarum
282 1470 337 1531 sed
362 1470 602 1539 aestimationis,
635 1479 668 1532 ut
690 1464 756 1532 c'um
780 1470 888 1531 stellae
912 1469 1038 1531 humiles
1063 1470 1201 1531 videntur
1224 1470 1354 1549 majores
1378 1489 1466 1549 quarn

153 1559 284 1620 verticales.
332 1557 513 1638 Superficies
538 1568 601 1619 tam
614 1560 791 1640 propinqua
814 1558 899 1620 conlo
923 1559 1053 1620 sentitur
1067 1559 1211 1619 velociter
1226 1559 1368 1637 locatque·
1388 1559 1466 1621 ima-

153 1647 220 1724 ginem
238 1648 265 1707 in
290 1647 446 1727 superficie
470 1648 622 1727 propiore,
656 1667 732 1728 quae
764 1648 860 1708 altero
891 1656 995 1726 aperto
1024 1646 1143 1708 videtur
1166 1646 1246 1707 ultra
1268 1647 1464 1727 superficiem,

154 1734 251 1812 quiailli
273 1752 332 1795 non
357 1734 402 1797 ita
425 1744 473 1796 est
497 1736 634 1810 evidens,
669 1736 778 1816 quippe
808 1736 961 1797 remotior.
1009 1733 1125 1797 Contra
1152 1735 1208 1796 hoc
1231 1734 1307 1796 vidi:
1340 1736 1466 1815 primurn
1550 1753 1555 1764 ‘
1637 1775 1640 1782 ·

153 1824 232 1900 apertis
253 1823 368 1885 duobus
393 1823 485 1886 oculis
511 1824 598 1903 inque
623 1824 781 1904 imaginem
805 1823 943 1896 intentis,
966 1830 1037 1903 post
1053 1823 1149 1884 altero
1165 1823 1268 1885 clauso
1292 1822 1336 1896 (in
1352 1824 1467 1885 directa

154 1911 207 1987 globi
224 1912 409 1984 intuitione),
443 1911 528 1972 initio
561 1913 677 1991 quidem
712 1912 761 1974 uni
785 1913 871 1974 oculo
895 1913 962 1974 visa
993 1919 1042 1973 εει
1065 1911 1162 1991 imago
1186 1930 1280 1992 aeque
1303 1921 1468 1990 magnast

153 2000 279 2081 propinqua
302 2020 339 2061 ac
361 2002 445 2079 prius
471 2008 597 2081 utroque
622 2008 727 2081 aperto
751 2002 850 2062 oculo:
876 2001 965 2083 paulo
988 2018 1060 2062 vero
1075 2010 1160 2080 post,
1185 2000 1307 2060 immoto
1331 2007 1363 2060 ει
1381 2001 1466 2061 oculo

153 2090 305 2167 aspersio,
331 2088 430 2166 imago
455 2088 521 2150 visa
544 2096 594 2150 est
617 2089 752 2170 aequalis
776 2089 818 2151 rei
843 2096 874 2150 et
897 2097 1013 2151 remota
1035 2089 1309 2168 proportionaliter.
1350 2089 1473 2168 Nempe

154 2173 186 2235 ubi
208 2195 252 2237 nec
283 2194 447 2238 concursus
480 2177 680 2241 metatricinm
714 2196 768 2240 nec
796 2178 950 2240 evidentia
983 2178 1147 2257 superficiei
1181 2176 1346 2256 specularis
1371 2178 1467 2238 locum

155 2265 262 2325 conciliat
283 2265 420 2343 imagini,
445 2265 486 2327 ibi
510 2267 683 2329 aestimatio
706 2265 897 2350 quantitatis,
928 2284 1003 2347 qnae
1022 2266 1193 2332 ‚desumitur
1215 2285 1235 2326 a
1257 2272 1401 2350 consueta
1424 2266 1467 2328 rei

83 2382 84 2391 κ
153 2359 218 2412 rotae
237 2353 417 2432 quantitate,
444 2354 622 2417 locationem
646 2362 797 2434 praestat;
830 2374 932 2415 verum
956 2355 1011 2416 hoc
1035 2354 1075 2415 ibi
1099 2361 1216 2415 tantum
1239 2354 1289 2414 ubi
1313 2352 1469 2416 evanescit

153 2440 331 2516 quodammodo
356 2442 486 2503 latitudo
507 2446 646 2524 pupillae.
695 2442 819 2504 Summa
842 2444 916 2505 haec
940 2451 1001 2505 est:
1036 2441 1183 2505 dualitate
1217 2444 1369 2504 oculorum
1393 2443 1467 2505 eub-

154 2525 197 2586 hta
213 2529 284 2590 locus
308 2530 449 2610 imaginis
474 2542 521 2593 est
546 2543 606 2594 tam
630 2541 776 2604 remotus,
802 2539 834 2593 ut
857 2552 894 2593 ex
918 2551 953 2592 eo
978 2551 1027 2593 res
1051 2532 1117 2611 ipsa
1140 2532 1195 2592 sub
1213 2534 1323 2610 angulo
1348 2530 1468 2611 aequali

153 2631 193 2692 quo
210 2637 273 2679 nunc
296 2618 397 2697 imago
422 2622 553 2700 spectari
578 2630 685 2701 queat:
721 2620 765 2681 sin
790 2620 916 2700 denique
940 2620 1047 2681 haeret
1069 2620 1211 2681 memoria
1236 2618 1292 2679 loci
1315 2638 1369 2700 per
1392 2621 1467 2682 dnos

152 2703 224 2764 mulos
243 2707 309 2781 risi,
343 2709 422 2768 idem
448 2709 531 2769 locus
555 2716 604 2771 εει
631 2710 680 2789 qni
705 2717 833 2788 apparet
860 2717 892 2770 et
915 2710 965 2770 uni
988 2709 1085 2770 oculo.
1132 2709 1195 2768 Imo
1220 2724 1290 2767 vero
1309 2708 1372 2785 jam
1396 2716 1466 2769 tan·

152 2789 199 2851 len
215 2796 335 2872 patescit
359 2804 392 2856 et
414 2803 497 2858 tuum
520 2798 767 2878 experimentum.
814 2797 944 2859 Intuitus
963 2796 1090 2876 primum
1113 2813 1170 2856 uno
1187 2795 1272 2856 oculo
1295 2795 1465 2874 imaginem,

152 2888 230 2953 postea
248 2892 277 2945 et
301 2884 398 2969 altero
423 2894 527 2963 aperto
561 2894 628 2947 orta
660 2894 710 2947 est
742 2885 840 2965 imago
868 2885 934 2947 loco
964 2883 1149 2964 profundiori
1173 2881 1296 2963 speculi.
1343 2882 1411 2945 Scis
1436 2890 1467 2944 tu

154 2972 260 3033 causam?
303 2970 446 3034 Geuuina
469 2982 500 3034 et
522 2975 680 3037 verissima
704 2993 797 3036 causa
820 2983 869 3037 εει
892 2974 983 3035 haec:
1004 2972 1081 3034 oculi
1104 2971 1149 3033 ita
1172 2971 1287 3032 assueti
1311 2980 1395 3043 sunt,
1424 2982 1467 3047 ut,

128 3052 203 3116 >licet
219 3060 431 3140 defatigantur,
467 3071 568 3125 tamen
592 3065 630 3126 ad
660 3072 803 3143 puuctum
828 3064 906 3124 idern
929 3062 1126 3144 propinquum
1148 3059 1267 3121 visibile
1291 3057 1467 3141 dirigantur.

153 3141 227 3225 ltaque
247 3167 309 3210 eum
333 3158 458 3228 apertus
483 3152 586 3212 oculus
612 3153 652 3213 sit
675 3152 790 3214 vicinus
804 3152 942 3231 speculo,
968 3151 1099 3230 reliquus
1127 3149 1153 3210 si
1177 3148 1338 3228 aperiatur,
1355 3149 1469 3230 rapitur

152 3231 217 3294 etiam
235 3237 268 3297 ad
291 3237 321 3298 id
343 3246 487 3316 punctum
511 3241 642 3319 speculi,
676 3240 755 3320 quod
784 3248 832 3302 est
863 3240 1010 3312 vicinum,
1043 3238 1111 3320 quia
1139 3238 1262 3299 evidens
1295 3244 1356 3312 est,
1390 3239 1469 3301 oculi

152 3335 203 3380 vero
220 3323 289 3386 idem
312 3326 432 3387 rotundi
456 3329 571 3406 speculi
595 3338 736 3409 punctum
760 3329 912 3390 intuentes
936 3327 1050 3390 directe
1074 3325 1244 3387 necessario
1267 3324 1371 3387 vident
1394 3328 1469 3390 duas

151 3403 265 3487 mannes
286 3414 417 3493 oblique.
451 3416 497 3476 Ex
511 3416 568 3478 hoc
592 3418 727 3479 nascitur
749 3417 858 3479 clarior
881 3416 1043 3497 explicatio
1067 3432 1177 3476 causae
1201 3420 1233 3475 et
1255 3414 1362 3476 verior.
1400 3415 1469 3477 Bini

152 3496 209 3558 oculi
227 3519 307 3562 unam
333 3502 472 3565 videntes
496 3505 672 3585 imaginem,
706 3506 734 3567 in
759 3506 812 3567 illa
835 3506 949 3586 speculi
972 3511 1096 3585 puncta,
1131 3521 1207 3582 quae
1232 3510 1395 3568 causantur
1418 3524 1467 3567 re-

149 3601 306 3666 percussum,
339 3590 506 3669 diriguntur
538 3594 673 3675 oblique,
706 3594 831 3674 quilibet
869 3595 898 3656 in
929 3612 1029 3666 suum;
1065 3601 1097 3653 et
1128 3591 1217 3653 iidem
1242 3609 1332 3654 unum
1354 3595 1467 3674 speculi

148 3682 260 3750 pontum
282 3678 434 3740 intuentes
458 3682 587 3756 directe,
613 3684 687 3744 duas
711 3683 815 3743 vident
837 3682 992 3763 imagines.
1025 3680 1156 3742 Axioma
1179 3687 1292 3742 certum
1309 3688 1366 3745 est.
1399 3684 1468 3747 Jaur

147 3778 205 3822 unns
233 3767 331 3829 oculus
364 3776 486 3847 apertus
518 3770 630 3832 directa
669 3773 763 3833 lemur
798 3772 829 3832 in

146 3859 260 3927 punctum
283 3855 500 3935 repercutiens,
525 3859 613 3939 inque
629 3879 663 3921 ec
679 3879 732 3921 seu
750 3859 830 3921 ultra
1098 3857 1151 3922 Fig.
1172 3852 1214 3903 29-

146 3938 211 4001 ridet
228 3950 258 4003 et
272 3944 433 4022 imaginem
447 3946 569 4009 directe.
606 3946 827 4027 Superveniens
1140 3959 1141 3962 ’

144 4024 215 4104 igitur
233 4032 306 4093 alter
329 4032 433 4094 oculus
455 4034 534 4096 idem
553 4037 667 4117 speculi
686 4043 826 4116 puuctum

143 4114 237 4186 dicate
262 4120 395 4182 intuetur
426 4125 588 4204 tantisper,
622 4126 715 4186 donec
746 4125 827 4187 aliud

140 4212 259 4282 punctum
281 4209 429 4284 inveniat,
462 4212 491 4271 in
525 4213 602 4293 quod
631 4212 751 4293 oblique
779 4213 845 4274 in-'

140 4299 213 4355 treus
232 4315 317 4359 uuam
341 4316 408 4358 cnm
432 4300 511 4361 socio
536 4302 640 4364 videat
658 4302 827 4380 imaginem.

138 4379 205 4442 han
223 4393 396 4465 perpetuum
419 4406 475 4449 non
500 4398 547 4451 est
570 4409 626 4452 nec
641 4391 731 4452 durat
749 4392 826 4452 dua-

136 4468 199 4532 tras
226 4472 378 4554 imaginis,
419 4476 473 4537 sed
505 4478 633 4541 redeunt
664 4479 693 4542 in
727 4497 826 4553 unam,

133 4556 200 4623 laer
224 4581 287 4624 com
319 4563 422 4626 dolore
454 4574 578 4647 propter
610 4569 827 4630 contortionem

131 4646 276 4713 mbram.
304 4650 390 4714 alia
410 4660 443 4714 et
464 4657 650 4718 constantior
664 4665 712 4717 εει
735 4676 827 4719 causa

128 4737 274 4802 matis
304 4741 447 4822 imaginis
483 4744 513 4804 in
550 4746 700 4808 concavis.
747 4746 827 4809 Nam

125 4826 185 4891 dit
216 4829 272 4891 duo
307 4830 383 4892 radii
418 4829 485 4906 Ac,
527 4832 581 4894 ΒΕ
617 4833 755 4915 paralleli
788 4834 825 4895 ab

121 4915 222 4983 Mem
253 4918 341 4984 ruha
363 4921 501 5004 delapsi,
539 4924 588 5004 qui
621 4922 826 5007 repercutien-
