3600 5759
701 421 782 489 ειμι
800 423 832 473 v.
852 423 876 474 2.
1404 417 1470 486 235

165 595 268 659 radiorum
297 599 357 659 fere
391 597 474 660 nulla
504 599 539 661 fit
568 619 647 660 nova
679 599 821 661 refractio
853 599 882 660 in
917 600 1066 662 anteriore
1099 601 1266 683 crystallini
1300 603 1467 681 superficie,

98 682 102 717 l
163 687 254 762 quanm
273 686 438 768 crystallini
468 688 589 749 densius
623 690 663 750 sit
696 689 826 750 medinm
860 708 948 768 quam
978 689 1073 770 aquei.
1121 691 1252 751 Rursum
1287 699 1389 752 autem
1417 693 1466 753 hic

161 793 249 836 aureae
270 784 300 837 et
322 794 377 836 suo
402 775 526 850 humori,
551 777 725 858 crystallino
750 777 875 850 scilicet,
901 777 1019 838 ascribo
1036 778 1161 839 eandem
1178 777 1358 839 densitatem
1374 799 1466 841 cansa

158 863 320 937 retractionis,
352 870 387 924 ut
409 873 440 925 et
463 864 542 926 infra
564 867 661 927 vitreo
685 875 716 927 et
739 866 859 927 tunicae
893 865 1042 947 hyalinae.
1090 867 1286 928 Descendunt
1314 862 1405 945 igitur
1438 869 1467 930 hi

158 952 212 1012 vuius
229 952 323 1032 puncti
348 952 443 1023 radii,
477 963 622 1032 qnantum
645 973 747 1016 eornm
774 974 827 1034 per
853 955 985 1015 foramen
1009 973 1103 1015 nveae
1128 953 1185 1016 fuit
1209 954 1392 1028 admissum,
1416 975 1469 1036 per

88 1102 92 1127 Ι
154 1059 234 1102 ornnem
253 1040 490 1120 profunditatem
514 1043 680 1123 crystallini
709 1062 827 1122 semper
858 1043 954 1123 magis
987 1043 1142 1122 magisque
1179 1050 1337 1119 coeuntes,
1370 1047 1467 1123 quoad

153 1130 305 1207 pervenerint
328 1129 368 1191 ad
392 1131 589 1208 posteriorem
622 1132 788 1213 crystallini
824 1131 1047 1213 hyperbolicam
1079 1131 1273 1211 superficiem.
1321 1134 1466 1213 Adeoque

150 1219 229 1279 sileri
250 1227 364 1298 posset,
389 1227 423 1280 nt
446 1218 548 1282 horum
573 1221 724 1282 radiorum
748 1221 857 1281 seriem
881 1220 909 1281 in
935 1221 1019 1281 oculo
1045 1221 1177 1282 sectione
1202 1220 1266 1300 quis
1290 1221 1466 1297 imitaretur,

147 1305 326 1369 isasummis
361 1326 488 1369 corneae
516 1328 608 1388 nsque
644 1311 680 1370 ad
705 1309 827 1370 ultimas
851 1309 1017 1390 crystallini
1044 1318 1146 1388 partes
1170 1328 1258 1369 uuam
1283 1311 1468 1390 eandemque

147 1394 233 1458 faceret
253 1397 388 1458 conicam
412 1397 607 1476 superficiem,
632 1398 717 1476 cnjus
741 1397 858 1476 quidem
874 1397 1049 1476 ,amplitudo
1074 1406 1123 1458 est
1147 1398 1278 1458 foramen
1304 1418 1396 1460 nveae
1417 1399 1467 1460 illo

143 1482 198 1556 loco,
217 1495 319 1547 vertex
343 1503 415 1545 vero
436 1485 586 1547 desiturus
610 1494 693 1547 esset
717 1486 744 1546 iu
769 1495 910 1564 punctum
927 1486 1046 1566 aliquod
1070 1494 1141 1564 post
1156 1486 1282 1547 oculum.
1312 1486 1381 1548 Janr
1397 1507 1467 1548 vero

141 1572 198 1634 radii
217 1573 243 1635 bi
264 1592 319 1652 per
340 1574 476 1634 conicam
499 1575 696 1653 posteriorem
722 1576 889 1655 crystallini
925 1574 1110 1656 superficiem
1136 1573 1165 1635 in
1190 1574 1318 1636 vitreum
1342 1577 1466 1653 egressi,

138 1661 204 1739 cujus
223 1672 267 1724 est
289 1661 419 1723 medium
444 1664 539 1723 rarius
564 1664 661 1725 medio
687 1663 873 1745 crystallini,
898 1663 1100 1743 refringantur
1129 1663 1467 1741 aperpendicularibus
1525 1674 1527 1680 '

136 1745 164 1808 in
181 1750 351 1829 superficiem
373 1769 428 1829 per
449 1759 561 1829 puncta
584 1753 794 1816 refractiouum
821 1752 933 1826 ductis,
968 1770 1058 1830 quare
1085 1752 1118 1811 fit
1141 1759 1174 1812 ut
1204 1751 1327 1813 refracti
1357 1761 1466 1814 coeant

134 1854 219 1900 versus
240 1857 342 1911 axem3
366 1838 468 1917 itaque
485 1840 690 1902 terminantur
713 1840 848 1901 breviore
873 1849 905 1902 et
928 1840 1081 1901 obtusiore
1096 1858 1180 1907 cono,
1205 1859 1292 1919 qnam
1310 1841 1409 1902 fuerat
1428 1842 1464 1915 is,

134 1943 183 2003 quo
200 1927 338 1990 hactenus
362 1937 571 2007 pervenerant.
619 1928 738 1991 Coeunt
759 1931 850 2007 igitur
883 1928 1009 2007 denique
1040 1947 1142 1989 omnes
1167 1927 1195 1988 hi
1229 1928 1305 1990 radii
1339 1929 1376 1989 ab
1408 1950 1465 1991 nno

134 2024 224 2090 puncto
253 2016 366 2081 visibili
389 2017 418 2079 iu
442 2025 584 2097 punctum
615 2018 705 2097 plane
737 2037 844 2092 unum,
876 2017 955 2097 qnod
983 2024 1033 2076 est
1064 2017 1247 2095 ipsissimum
1278 2027 1411 2080 centrum
1437 2028 1468 2080 et

88 2153 91 2191 ἰ
136 2105 288 2167 exnemitas
311 2106 395 2166 nervi
419 2106 521 2185 optici,
547 2125 604 2185 quo
628 2107 653 2168 is
679 2107 744 2168 loco
768 2107 884 2168 retiuae
909 2104 1106 2167 connectitur.
1145 2105 1223 2167 Nam
1248 2106 1287 2167 ad
1306 2106 1466 2188 hanccry-

88 2193 92 2218 ³
141 2193 233 2254 stallini
255 2193 440 2255 densitatem
464 2203 496 2256 et
520 2195 648 2257 futuram
671 2196 775 2256 harum
800 2194 1012 2257 refractionum
1035 2193 1269 2273 magnitudinem
1293 2203 1403 2256 natura
1421 2205 1469 2257 est
1582 2262 1585 2267 ,

143 2279 254 2343 dimensa
275 2284 408 2362 spatium
431 2283 562 2344 humoris
587 2284 674 2344 vitrei
698 2284 904 2366 crystallinum
929 2282 1007 2344 inter
1031 2290 1062 2342 et
1084 2282 1222 2344 retinam.

98 2389 101 2395 ¹
207 2371 301 2451 Atque
332 2371 408 2432 haec
440 2371 557 2432 demum
593 2381 641 2433 est
669 2371 900 2434 distinctissime
930 2371 1021 2446 visio,
1057 2390 1124 2432 cum
1154 2372 1296 2432 universa
1333 2371 1467 2450 ejusdem

141 2459 219 2531 puncti
230 2459 287 2533 lux,
313 2467 543 2539 quantacunque
558 2480 666 2540 sparsa
680 2470 728 2523 est
751 2481 805 2541 per
827 2459 1053 2540 amplitudinem
1077 2460 1144 2521 coni
1164 2481 1182 2520 a
1209 2459 1351 2521 foramine
1374 2480 1468 2522 nveae

103 2576 104 2579 ε
144 2543 253 2620 admissi,
278 2548 397 2610 duabus
427 2548 677 2618 retractionibus,
705 2550 802 2611 altera
825 2550 854 2611 iu
879 2567 1005 2616 cornea,
1029 2547 1128 2608 altera
1151 2548 1181 2608 in
1205 2549 1370 2627 posteriore
1398 2568 1467 2631 cry-

148 2635 232 2696 stallini
260 2637 432 2715 superficie,
461 2638 591 2715 cogitur,
618 2647 649 2699 et
679 2638 795 2700 unicum
820 2638 936 2699 retinae
960 2646 1116 2715 punctum,
1149 2635 1330 2714 ipsissimum
1362 2656 1468 2717 nempe

148 2721 253 2785 vrifidum
281 2726 379 2798 nervi,
413 2726 588 2788 facultatem
620 2727 764 2788 visoriaru
789 2747 842 2789 seu
867 2725 1006 2805 spiritum
1028 2724 1182 2796 vehentis,
1211 2724 1373 2785 fortissime
1397 2724 1467 2785 illn-

152 2816 220 2881 *lftb
245 2814 341 2893 adque
366 2814 396 2874 id
420 2822 560 2894 puuctum
586 2815 659 2876 nulli
683 2815 732 2876 alii
758 2817 796 2877 ab
820 2816 880 2877 ullo
914 2813 973 2874 alio
999 2813 1115 2874 lucente
1139 2820 1250 2890 puncto
1274 2811 1350 2873 radii
1375 2813 1467 2874 allabi

155 2909 251 2976 mama
275 2902 420 2966 beneficio
444 2902 571 2981 nigroris
596 2911 626 2964 et
649 2903 810 2982 opacitatis
831 2921 935 2977 urreae,
961 2901 1118 2980 angustiae
1135 2900 1299 2975 foraminis,
1324 2899 1468 2962 ciliariurn

155 2999 314 3063 processuum,
340 3000 373 3053 et
397 2999 574 3066 ceterorum,
599 2992 635 3053 de
660 2992 765 3071 quibus
789 2993 878 3072 paulo
902 2999 973 3069 post
997 2991 1122 3051 dicetur.

212 3074 341 3141 Ceterum
366 3080 445 3159 quod
468 3080 613 3140 hactenus
637 3080 723 3142 nobis
748 3081 803 3142 fnit
827 3079 1014 3158 propositum
1038 3077 1165 3151 visibile,
1190 3077 1218 3138 id
1240 3085 1382 3155 puuctum
1398 3077 1465 3150 fnit,

89 3180 124 3253 ³,
160 3174 316 3245 vvucorpus:
347 3187 439 3248 quare
469 3176 573 3247 partes
607 3187 664 3229 non
697 3169 804 3231 habuit
836 3187 932 3247 neque
965 3167 1109 3228 distincta
1141 3167 1249 3226 dextra
1278 3186 1296 3225 a
1325 3164 1464 3239 sinistris

162 3263 231 3326 sspera
249 3255 286 3316 ab
308 3256 425 3339 inferis.
464 3256 569 3335 Neque
594 3275 663 3317 vere
688 3257 805 3319 visibile
829 3258 883 3318 sed
907 3256 1096 3329 elementum,
1122 3274 1174 3315 seu
1198 3253 1294 3333 magis
1319 3255 1465 3315 terminus

162 3335 322 3417 nivisibilis;
354 3345 398 3406 uti
423 3354 455 3406 et
478 3345 546 3424 ipsa
569 3345 671 3423 puncti
695 3346 769 3407 visio
794 3346 939 3406 hactenus
963 3343 1115 3426 explicata
1138 3362 1195 3403 non
1220 3352 1268 3403 est
1292 3343 1467 3421 accipienda

89 3447 91 3449 ’
163 3437 193 3495 po
207 3441 401 3495 consummata
433 3433 560 3506 visione,
590 3435 644 3494 sed
675 3453 730 3514 pro
758 3434 887 3514 quodam
916 3433 1040 3494 visionis
1070 3432 1229 3492 elemento.
1276 3432 1355 3495 Nam
1380 3440 1414 3492 nt
1436 3432 1465 3493 in
1569 3470 1570 3474 =

164 3517 280 3581 armum
301 3530 373 3583 sunt
395 3521 491 3583 multa
514 3529 633 3602 puncta,
659 3524 704 3585 ita
727 3531 759 3583 et
782 3523 878 3584 multa
900 3521 942 3582 rei
958 3521 1037 3582 illins
1053 3520 1175 3582 visionis
1201 3520 1286 3601 qnasi
1306 3521 1465 3581 elementa.
1499 3531 1501 3535 ’

164 3594 280 3687 lneque
301 3610 361 3671 111.
389 3606 440 3672 19.
466 3609 640 3671 Vitellionis
665 3611 872 3672 nihilominus:
897 3609 970 3670 nibil
994 3609 1097 3680 videri,
1122 3609 1179 3669 nisi
1202 3610 1285 3688 cnjus
1309 3609 1350 3670 sit
1365 3609 1467 3689 aliqua

161 3694 288 3767 umaro
312 3697 588 3777 proportionabilis.
636 3698 686 3761 Sit
708 3718 779 3777 ergo
804 3707 947 3777 punctum
971 3698 1051 3758 alind
1080 3698 1169 3776 juxta
1193 3698 1275 3776 prius
1300 3708 1330 3759 et
1354 3699 1466 3759 directe

89 3799 90 3802 ’
164 3783 305 3869 lopmitnm,
339 3786 496 3848 declinans
520 3787 558 3848 ab
582 3805 618 3847 eo
642 3788 681 3848 ad
712 3787 859 3849 dextram.
907 3786 985 3847 Illud
1022 3786 1114 3866 igitur
1149 3793 1291 3866 punctum
1329 3804 1467 3849 corneam

163 3879 223 3939 pam
242 3892 353 3954 quoque
377 3874 543 3936 illustrabit
565 3884 598 3937 et
626 3876 793 3955 subjectam
822 3875 945 3950 iridem,
979 3875 1103 3954 ejusque
1139 3874 1271 3935 foramen
1305 3875 1469 3938 intuebitur

160 3968 182 4011 t1
195 3959 304 4041 obliquo.
350 3963 458 4043 Itaque
482 3963 556 4024 radii
581 3983 635 4043 per
659 3965 813 4025 foraminis
837 3964 979 4025 circulum
1003 3962 1167 4024 intromissi
1191 3964 1321 4043 speciem
1342 3965 1468 4025 exhibe-

160 4035 204 4104 lm
223 4050 282 4110 coni
309 4051 437 4125 scaleni,
472 4052 521 4130 qui
550 4052 667 4114 secabit
696 4072 802 4114 conum
832 4061 945 4114 rectum
973 4051 1081 4129 prioris
1114 4052 1215 4129 puncti
1252 4052 1284 4112 in
1322 4053 1467 4115 foramine

123 4218 124 4221 Ἴ
160 4144 220 4194 ttae
237 4147 267 4199 et
287 4149 360 4218 post
382 4140 547 4201 sectionem
569 4141 650 4202 intra
673 4160 779 4202 uveam
796 4142 942 4202 concedet
965 4141 992 4201 in
1017 4147 1120 4218 partes
1141 4140 1289 4210 sinistras,
1314 4141 1468 4202 illustrans

156 4228 236 4292 Mem
256 4228 375 4307 quidem
400 4229 568 4306 superficiei
591 4229 758 4309 crystallini
783 4251 801 4290 a
823 4229 915 4308 priori
938 4228 1031 4296 etiam
1046 4229 1238 4305 illustratam,
1261 4238 1379 4309 partem
1398 4247 1468 4290 vero

117 4317 125 4350 s
155 4312 249 4386 roton
270 4325 384 4395 puncto
407 4334 466 4377 non
490 4316 687 4388 illustratam,
717 4318 771 4379 sed
805 4318 1026 4390 sinistriorem;
1058 4323 1090 4376 et
1116 4319 1151 4377 fit
1176 4336 1252 4396 pene
1277 4318 1366 4389 idern,
1391 4316 1469 4396 quod

121 4399 126 4410 ’
151 4410 214 4475 ’φη
231 4422 293 4482 cap.
309 4404 351 4465 ΙΙ.
377 4405 649 4466 demonstravimus
673 4407 702 4467 in
727 4407 831 4468 clausa
845 4424 965 4467 camera
987 4405 1060 4467 fieri.
1098 4406 1177 4468 Nam
1191 4407 1306 4486 pupilla
1320 4414 1369 4466 est
1384 4406 1468 4466 fene-

110 4520 115 4552 :
148 4490 206 4547 ltus
225 4491 296 4565 loco,
322 4493 520 4572 crystallinus
544 4495 609 4555 loco
633 4495 789 4574 oppositae
810 4496 949 4556 tabulae:
975 4493 1033 4555 nisi
1058 4494 1135 4572 qnod
1155 4495 1192 4556 ob
1207 4494 1338 4573 pupillae
1355 4502 1386 4554 et
1400 4512 1469 4573 cry-

113 4576 230 4640 *rtslliui
265 4580 523 4660 propinquitatem
556 4581 603 4643 bic
636 4583 765 4644 nondum
797 4583 878 4644 facta
907 4590 955 4643 est
988 4582 1124 4660 plenaria
1156 4582 1345 4654 intersecti03
1379 4600 1469 4660 quare

116 4667 361 4730 =confusaadhnc
386 4669 496 4731 omnia.
529 4671 564 4731 In
589 4670 768 4733 anteriorem
791 4671 883 4751 igitur
907 4670 1094 4751 superficiem
1119 4670 1286 4752 crystallini
1311 4688 1403 4730 conns
1423 4669 1470 4732 hic

130 4751 236 4820 miser
258 4758 359 4820 factus
383 4757 519 4821 incidens
550 4759 731 4838 refringetnr
764 4780 867 4821 versus
896 4778 1001 4821 conum
1032 4767 1163 4829 rectum,
1199 4758 1336 4837 obliquus
1370 4767 1471 4819 tamen

90 4925 93 4926 7
124 4843 302 4908 nibilominus
336 4846 546 4926 crystallinum
579 4848 706 4927 trajicit,
731 4856 875 4929 tantoque
912 4848 1024 4911 rectius
1055 4846 1192 4926 impingit
1222 4845 1250 4905 in
1284 4846 1470 4924 superficiem

88 4926 336 5018 'hyperbolicam
361 4934 542 5016 crystallini,
567 4936 616 4996 ubi
639 4936 747 4998 iterum
771 4936 824 4997 sed
847 4956 953 5017 parurn
977 4954 1082 4997 versus
1106 4953 1211 4996 conum
1227 4935 1356 5012 priorem
1371 4937 1470 4999 direc-
