<?xml version="1.0" encoding="UTF-8"?>
<!DOCTYPE html PUBLIC "-//W3C//DTD XHTML 1.0 Transitional//EN"
    "http://www.w3.org/TR/xhtml1/DTD/xhtml1-transitional.dtd">
<html xmlns="http://www.w3.org/1999/xhtml" xml:lang="en" lang="en">
 <head>
  <title>
</title>
<meta http-equiv="Content-Type" content="text/html;charset=utf-8" />
  <meta name='ocr-system' content='tesseract 3.04.00' />
  <meta name='ocr-capabilities' content='ocr_page ocr_carea ocr_par ocr_line ocrx_word'/>
</head>
<body>
  <div class='ocr_page' id='page_1' title='image "./joanniskepleria06frisgoog_0252.png"; bbox 0 0 3600 5759; ppageno 0'>
   <div class='ocr_carea' id='block_1_1' title="bbox 382 494 1272 564">
    <p class='ocr_par' dir='ltr' id='par_1_1' title="bbox 382 494 1272 564">
     <span class='ocr_line' id='line_1_1' title="bbox 382 494 1272 564; baseline -0.008 -10"><span class='ocrx_word' id='word_1_1' title='bbox 382 499 448 564; x_wconf 77' lang='grc'>238</span> <span class='ocrx_word' id='word_1_2' title='bbox 854 494 1044 560; x_wconf 82' lang='lat' dir='ltr'>Paralipomena</span> <span class='ocrx_word' id='word_1_3' title='bbox 1061 497 1086 545; x_wconf 87' lang='lat' dir='ltr'>in</span> <span class='ocrx_word' id='word_1_4' title='bbox 1105 495 1272 547; x_wconf 83' lang='lat' dir='ltr'>Vitellianom.</span> 
     </span>
    </p>
   </div>
   <div class='ocr_carea' id='block_1_2' title="bbox 334 666 1708 3924">
    <p class='ocr_par' dir='ltr' id='par_1_2' title="bbox 382 666 1708 1729">
     <span class='ocr_line' id='line_1_2' title="bbox 383 666 1708 754; baseline -0.004 -17"><span class='ocrx_word' id='word_1_5' title='bbox 383 677 518 744; x_wconf 84' lang='lat' dir='ltr'>dilueret,</span> <span class='ocrx_word' id='word_1_6' title='bbox 545 691 632 754; x_wconf 89' lang='lat' dir='ltr'>quem</span> <span class='ocrx_word' id='word_1_7' title='bbox 655 674 695 734; x_wconf 94' lang='lat' dir='ltr'>ad</span> <span class='ocrx_word' id='word_1_8' title='bbox 715 690 800 743; x_wconf 87' lang='lat' dir='ltr'>usum</span> <span class='ocrx_word' id='word_1_9' title='bbox 814 673 918 752; x_wconf 93' lang='lat' dir='ltr'>procul</span> <span class='ocrx_word' id='word_1_10' title='bbox 933 673 1022 734; x_wconf 92' lang='lat' dir='ltr'>dubio</span> <span class='ocrx_word' id='word_1_11' title='bbox 1047 680 1160 733; x_wconf 90' lang='lat' dir='ltr'>motum</span> <span class='ocrx_word' id='word_1_12' title='bbox 1184 671 1362 734; x_wconf 90' lang='lat' dir='ltr'>obtinebunt</span> <span class='ocrx_word' id='word_1_13' title='bbox 1385 690 1452 732; x_wconf 87' lang='lat' dir='ltr'>sese</span> <span class='ocrx_word' id='word_1_14' title='bbox 1478 666 1613 745; x_wconf 89' lang='lat' dir='ltr'>inflandi,</span> <span class='ocrx_word' id='word_1_15' title='bbox 1634 677 1708 751; x_wconf 80' lang='lat' dir='ltr'>turg</span> 
     </span>
     <span class='ocr_line' id='line_1_3' title="bbox 383 760 1708 843; baseline -0.004 -17"><span class='ocrx_word' id='word_1_16' title='bbox 383 763 510 826; x_wconf 88' lang='lat' dir='ltr'>faciendi</span> <span class='ocrx_word' id='word_1_17' title='bbox 535 763 565 824; x_wconf 88' lang='lat' dir='ltr'>in</span> <span class='ocrx_word' id='word_1_18' title='bbox 590 763 675 824; x_wconf 91' lang='lat' dir='ltr'>clara</span> <span class='ocrx_word' id='word_1_19' title='bbox 707 763 772 823; x_wconf 91' lang='lat' dir='ltr'>luce</span> <span class='ocrx_word' id='word_1_20' title='bbox 804 772 835 822; x_wconf 89' lang='lat' dir='ltr'>et</span> <span class='ocrx_word' id='word_1_21' title='bbox 863 760 1045 822; x_wconf 79' lang='lat' dir='ltr'>extenuandi</span> <span class='ocrx_word' id='word_1_22' title='bbox 1074 761 1102 822; x_wconf 93' lang='lat' dir='ltr'>in</span> <span class='ocrx_word' id='word_1_23' title='bbox 1130 761 1281 840; x_wconf 89' lang='lat' dir='ltr'>maligna,</span> <span class='ocrx_word' id='word_1_24' title='bbox 1310 769 1343 822; x_wconf 92' lang='lat' dir='ltr'>nt</span> <span class='ocrx_word' id='word_1_25' title='bbox 1373 778 1457 824; x_wconf 88' lang='lat' dir='ltr'>uvea.</span> <span class='ocrx_word' id='word_1_26' title='bbox 1504 760 1547 821; x_wconf 87' lang='grc' dir='ltr'>Ει</span> <span class='ocrx_word' id='word_1_27' title='bbox 1576 761 1708 843; x_wconf 81' lang='lat' dir='ltr'>byperbc</span> 
     </span>
     <span class='ocr_line' id='line_1_4' title="bbox 383 849 1708 936; baseline -0.002 -22"><span class='ocrx_word' id='word_1_28' title='bbox 383 853 501 936; x_wconf 91' lang='lat' dir='ltr'>quidem</span> <span class='ocrx_word' id='word_1_29' title='bbox 526 852 573 913; x_wconf 88' lang='lat' dir='ltr'>vel</span> <span class='ocrx_word' id='word_1_30' title='bbox 599 851 625 912; x_wconf 91' lang='lat' dir='ltr'>ei</span> <span class='ocrx_word' id='word_1_31' title='bbox 650 860 781 930; x_wconf 90' lang='lat' dir='ltr'>cognata</span> <span class='ocrx_word' id='word_1_32' title='bbox 804 851 900 929; x_wconf 88' lang='lat' dir='ltr'>figura</span> <span class='ocrx_word' id='word_1_33' title='bbox 923 860 971 911; x_wconf 90' lang='lat' dir='ltr'>est</span> <span class='ocrx_word' id='word_1_34' title='bbox 996 851 1023 912; x_wconf 92' lang='lat' dir='ltr'>in</span> <span class='ocrx_word' id='word_1_35' title='bbox 1039 849 1198 929; x_wconf 84' lang='lat' dir='ltr'><strong>posteriori</strong></span> <span class='ocrx_word' id='word_1_36' title='bbox 1222 859 1308 928; x_wconf 90' lang='lat' dir='ltr'>parte</span> <span class='ocrx_word' id='word_1_37' title='bbox 1328 849 1507 931; x_wconf 81' lang='lat' dir='ltr'>crystallini,</span> <span class='ocrx_word' id='word_1_38' title='bbox 1531 851 1639 931; x_wconf 92' lang='lat' dir='ltr'>utqui</span> <span class='ocrx_word' id='word_1_39' title='bbox 1663 850 1708 911; x_wconf 85' lang='lat' dir='ltr'>int</span> 
     </span>
     <span class='ocr_line' id='line_1_5' title="bbox 382 937 1708 1024; baseline -0.004 -20"><span class='ocrx_word' id='word_1_40' title='bbox 382 940 579 1024; x_wconf 86' lang='lat' dir='ltr'>lryperbolam</span> <span class='ocrx_word' id='word_1_41' title='bbox 604 941 743 1001; x_wconf 88' lang='lat' dir='ltr'>deorsum</span> <span class='ocrx_word' id='word_1_42' title='bbox 768 940 895 1000; x_wconf 89' lang='lat' dir='ltr'>tendunt</span> <span class='ocrx_word' id='word_1_43' title='bbox 919 939 1053 1017; x_wconf 89' lang='lat' dir='ltr'>ejusdem</span> <span class='ocrx_word' id='word_1_44' title='bbox 1076 937 1150 1000; x_wconf 92' lang='lat' dir='ltr'>recti</span> <span class='ocrx_word' id='word_1_45' title='bbox 1175 939 1241 1000; x_wconf 91' lang='lat' dir='ltr'>coni</span> <span class='ocrx_word' id='word_1_46' title='bbox 1265 938 1341 1000; x_wconf 88' lang='lat' dir='ltr'>radii</span> <span class='ocrx_word' id='word_1_47' title='bbox 1356 947 1576 1017; x_wconf 86' lang='lat' dir='ltr'>convergentes</span> <span class='ocrx_word' id='word_1_48' title='bbox 1600 939 1641 1000; x_wconf 91' lang='lat' dir='ltr'>ad</span> <span class='ocrx_word' id='word_1_49' title='bbox 1664 938 1708 999; x_wconf 79' lang='lat' dir='ltr'>ide</span> 
     </span>
     <span class='ocr_line' id='line_1_6' title="bbox 383 1027 1705 1110; baseline -0.002 -19"><span class='ocrx_word' id='word_1_50' title='bbox 383 1038 540 1110; x_wconf 88' lang='lat' dir='ltr'>punctum,</span> <span class='ocrx_word' id='word_1_51' title='bbox 572 1028 593 1088; x_wconf 93' lang='lat' dir='ltr'>ii</span> <span class='ocrx_word' id='word_1_52' title='bbox 617 1029 656 1088; x_wconf 88' lang='lat' dir='ltr'>ad</span> <span class='ocrx_word' id='word_1_53' title='bbox 680 1028 759 1089; x_wconf 91' lang='lat' dir='ltr'>idem</span> <span class='ocrx_word' id='word_1_54' title='bbox 783 1029 836 1088; x_wconf 92' lang='lat' dir='ltr'>sed</span> <span class='ocrx_word' id='word_1_55' title='bbox 861 1028 981 1089; x_wconf 86' lang='lat' dir='ltr'>brevius</span> <span class='ocrx_word' id='word_1_56' title='bbox 1006 1029 1123 1088; x_wconf 90' lang='lat' dir='ltr'>distans</span> <span class='ocrx_word' id='word_1_57' title='bbox 1147 1036 1286 1105; x_wconf 89' lang='lat' dir='ltr'>puuctum</span> <span class='ocrx_word' id='word_1_58' title='bbox 1321 1027 1550 1106; x_wconf 82' lang='lat' dir='ltr'>colligerentur:</span> <span class='ocrx_word' id='word_1_59' title='bbox 1581 1027 1660 1108; x_wconf 88' lang='lat' dir='ltr'>qnod</span> <span class='ocrx_word' id='word_1_60' title='bbox 1683 1047 1705 1088; x_wconf 90' lang='lat' dir='ltr'>n</span> 
     </span>
     <span class='ocr_line' id='line_1_7' title="bbox 384 1114 1708 1196; baseline -0.002 -16"><span class='ocrx_word' id='word_1_61' title='bbox 384 1119 414 1180; x_wconf 93' lang='lat' dir='ltr'>in</span> <span class='ocrx_word' id='word_1_62' title='bbox 439 1118 500 1179; x_wconf 88' lang='lat' dir='ltr'>alia</span> <span class='ocrx_word' id='word_1_63' title='bbox 522 1118 618 1195; x_wconf 87' lang='lat' dir='ltr'>figura</span> <span class='ocrx_word' id='word_1_64' title='bbox 641 1117 704 1177; x_wconf 88' lang='lat' dir='ltr'>fieri</span> <span class='ocrx_word' id='word_1_65' title='bbox 728 1136 818 1196; x_wconf 88' lang='lat' dir='ltr'>posse</span> <span class='ocrx_word' id='word_1_66' title='bbox 842 1116 921 1177; x_wconf 90' lang='lat' dir='ltr'>iufra</span> <span class='ocrx_word' id='word_1_67' title='bbox 945 1116 1207 1177; x_wconf 82' lang='lat' dir='ltr'>demonstrabitur.</span> <span class='ocrx_word' id='word_1_68' title='bbox 1257 1114 1358 1178; x_wconf 89' lang='lat' dir='ltr'>Gibba</span> <span class='ocrx_word' id='word_1_69' title='bbox 1387 1135 1458 1177; x_wconf 84' lang='lat' dir='ltr'>vero</span> <span class='ocrx_word' id='word_1_70' title='bbox 1488 1123 1537 1177; x_wconf 90' lang='lat' dir='ltr'>est</span> <span class='ocrx_word' id='word_1_71' title='bbox 1568 1116 1708 1196; x_wconf 83' lang='lat' dir='ltr'>superfici</span> 
     </span>
     <span class='ocr_line' id='line_1_8' title="bbox 386 1204 1706 1286; baseline -0.002 -17"><span class='ocrx_word' id='word_1_72' title='bbox 386 1206 518 1269; x_wconf 89' lang='lat' dir='ltr'>anterior</span> <span class='ocrx_word' id='word_1_73' title='bbox 532 1205 710 1286; x_wconf 78' lang='lat' dir='ltr'>crystallini,</span> <span class='ocrx_word' id='word_1_74' title='bbox 737 1214 769 1267; x_wconf 92' lang='lat' dir='ltr'>ut</span> <span class='ocrx_word' id='word_1_75' title='bbox 792 1224 849 1285; x_wconf 90' lang='lat' dir='ltr'>quo</span> <span class='ocrx_word' id='word_1_76' title='bbox 865 1205 1012 1285; x_wconf 90' lang='lat' dir='ltr'>obliquius</span> <span class='ocrx_word' id='word_1_77' title='bbox 1036 1205 1169 1265; x_wconf 91' lang='lat' dir='ltr'>foramen</span> <span class='ocrx_word' id='word_1_78' title='bbox 1195 1224 1287 1266; x_wconf 88' lang='lat' dir='ltr'>nveao</span> <span class='ocrx_word' id='word_1_79' title='bbox 1303 1204 1442 1283; x_wconf 90' lang='lat' dir='ltr'>objicitur</span> <span class='ocrx_word' id='word_1_80' title='bbox 1467 1212 1580 1284; x_wconf 90' lang='lat' dir='ltr'>puncto</span> <span class='ocrx_word' id='word_1_81' title='bbox 1600 1205 1706 1266; x_wconf 90' lang='lat' dir='ltr'>radiau</span> 
     </span>
     <span class='ocr_line' id='line_1_9' title="bbox 386 1292 1707 1373; baseline -0.002 -16"><span class='ocrx_word' id='word_1_82' title='bbox 386 1297 442 1357; x_wconf 91' lang='lat' dir='ltr'>hoc</span> <span class='ocrx_word' id='word_1_83' title='bbox 467 1294 611 1356; x_wconf 82' lang='lat' dir='ltr'>devexius</span> <span class='ocrx_word' id='word_1_84' title='bbox 640 1294 715 1354; x_wconf 88' lang='lat' dir='ltr'>haec</span> <span class='ocrx_word' id='word_1_85' title='bbox 750 1294 923 1373; x_wconf 86' lang='lat' dir='ltr'>superficies</span> <span class='ocrx_word' id='word_1_86' title='bbox 954 1312 1070 1355; x_wconf 90' lang='lat' dir='ltr'>acono</span> <span class='ocrx_word' id='word_1_87' title='bbox 1100 1292 1221 1354; x_wconf 88' lang='lat' dir='ltr'>scaleno</span> <span class='ocrx_word' id='word_1_88' title='bbox 1245 1304 1406 1368; x_wconf 86' lang='lat' dir='ltr'>secaretur,</span> <span class='ocrx_word' id='word_1_89' title='bbox 1442 1293 1545 1373; x_wconf 88' lang='lat' dir='ltr'>itaque</span> <span class='ocrx_word' id='word_1_90' title='bbox 1569 1303 1707 1357; x_wconf 88' lang='lat' dir='ltr'>servaret</span> 
     </span>
     <span class='ocr_line' id='line_1_10' title="bbox 386 1380 1708 1464; baseline -0.001 -18"><span class='ocrx_word' id='word_1_91' title='bbox 386 1383 556 1463; x_wconf 85' lang='lat' dir='ltr'>aequalitas</span> <span class='ocrx_word' id='word_1_92' title='bbox 594 1383 779 1461; x_wconf 83' lang='lat' dir='ltr'>interceptae</span> <span class='ocrx_word' id='word_1_93' title='bbox 813 1403 832 1443; x_wconf 90' lang='lat' dir='ltr'>a</span> <span class='ocrx_word' id='word_1_94' title='bbox 863 1388 937 1443; x_wconf 88' lang='lat' dir='ltr'>con&#39;o</span> <span class='ocrx_word' id='word_1_95' title='bbox 976 1382 1170 1464; x_wconf 90' lang='lat' dir='ltr'>quantitatis,</span> <span class='ocrx_word' id='word_1_96' title='bbox 1212 1390 1354 1461; x_wconf 91' lang='lat' dir='ltr'>quantum</span> <span class='ocrx_word' id='word_1_97' title='bbox 1393 1380 1455 1443; x_wconf 90' lang='lat' dir='ltr'>fieri</span> <span class='ocrx_word' id='word_1_98' title='bbox 1491 1392 1614 1461; x_wconf 89' lang='lat' dir='ltr'>posset:</span> <span class='ocrx_word' id='word_1_99' title='bbox 1653 1389 1708 1464; x_wconf 82' lang='lat' dir='ltr'>utqr</span> 
     </span>
     <span class='ocr_line' id='line_1_11' title="bbox 388 1471 1708 1548; baseline -0.002 -14"><span class='ocrx_word' id='word_1_100' title='bbox 388 1472 524 1535; x_wconf 89' lang='lat' dir='ltr'>omnibus</span> <span class='ocrx_word' id='word_1_101' title='bbox 549 1471 578 1534; x_wconf 94' lang='lat' dir='ltr'>iu</span> <span class='ocrx_word' id='word_1_102' title='bbox 603 1490 713 1532; x_wconf 89' lang='lat' dir='ltr'>cornea</span> <span class='ocrx_word' id='word_1_103' title='bbox 736 1471 789 1542; x_wconf 89' lang='lat' dir='ltr'>(ab</span> <span class='ocrx_word' id='word_1_104' title='bbox 813 1471 918 1531; x_wconf 91' lang='lat' dir='ltr'>eodem</span> <span class='ocrx_word' id='word_1_105' title='bbox 942 1479 1025 1532; x_wconf 91' lang='lat' dir='ltr'>certo</span> <span class='ocrx_word' id='word_1_106' title='bbox 1041 1477 1150 1548; x_wconf 91' lang='lat' dir='ltr'>puncto</span> <span class='ocrx_word' id='word_1_107' title='bbox 1166 1471 1367 1542; x_wconf 85' lang='lat' dir='ltr'>venientibus)</span> <span class='ocrx_word' id='word_1_108' title='bbox 1391 1471 1532 1533; x_wconf 90' lang='lat' dir='ltr'>refractis</span> <span class='ocrx_word' id='word_1_109' title='bbox 1556 1481 1589 1533; x_wconf 87' lang='lat' dir='ltr'>et</span> <span class='ocrx_word' id='word_1_110' title='bbox 1612 1473 1640 1533; x_wconf 90' lang='lat' dir='ltr'>in</span> <span class='ocrx_word' id='word_1_111' title='bbox 1661 1471 1708 1533; x_wconf 82' lang='lat' dir='ltr'>ider</span> 
     </span>
     <span class='ocr_line' id='line_1_12' title="bbox 387 1558 1706 1641; baseline -0.001 -21"><span class='ocrx_word' id='word_1_112' title='bbox 387 1569 528 1641; x_wconf 92' lang='lat' dir='ltr'>punctum</span> <span class='ocrx_word' id='word_1_113' title='bbox 552 1567 623 1639; x_wconf 90' lang='lat' dir='ltr'>post</span> <span class='ocrx_word' id='word_1_114' title='bbox 645 1559 856 1620; x_wconf 88' lang='lat' dir='ltr'>refractionem</span> <span class='ocrx_word' id='word_1_115' title='bbox 879 1559 1072 1620; x_wconf 88' lang='lat' dir='ltr'>tendentibus</span> <span class='ocrx_word' id='word_1_116' title='bbox 1095 1558 1382 1637; x_wconf 87' lang='lat' dir='ltr'>perpendiculariter</span> <span class='ocrx_word' id='word_1_117' title='bbox 1406 1560 1619 1638; x_wconf 87' lang='lat' dir='ltr'>subjiceretur:</span> <span class='ocrx_word' id='word_1_118' title='bbox 1650 1559 1706 1638; x_wconf 86' lang='lat' dir='ltr'>plau</span> 
     </span>
     <span class='ocr_line' id='line_1_13' title="bbox 387 1647 1708 1729; baseline -0.003 -19"><span class='ocrx_word' id='word_1_119' title='bbox 387 1649 561 1711; x_wconf 88' lang='lat' dir='ltr'>circularem</span> <span class='ocrx_word' id='word_1_120' title='bbox 587 1667 639 1709; x_wconf 94' lang='lat' dir='ltr'>seu</span> <span class='ocrx_word' id='word_1_121' title='bbox 655 1648 840 1729; x_wconf 64' lang='lat' dir='ltr'>sphaericam</span> <span class='ocrx_word' id='word_1_122' title='bbox 861 1667 928 1709; x_wconf 88' lang='lat' dir='ltr'>esse</span> <span class='ocrx_word' id='word_1_123' title='bbox 952 1656 1054 1709; x_wconf 88' lang='lat' dir='ltr'>statuo</span> <span class='ocrx_word' id='word_1_124' title='bbox 1075 1648 1150 1708; x_wconf 90' lang='lat' dir='ltr'>hanc</span> <span class='ocrx_word' id='word_1_125' title='bbox 1167 1647 1345 1710; x_wconf 88' lang='lat' dir='ltr'>anteriorem</span> <span class='ocrx_word' id='word_1_126' title='bbox 1363 1648 1530 1729; x_wconf 85' lang='lat' dir='ltr'>crystallini</span> <span class='ocrx_word' id='word_1_127' title='bbox 1545 1648 1708 1729; x_wconf 86' lang='lat' dir='ltr'>superficiem</span> 
     </span>
    </p>

    <p class='ocr_par' dir='ltr' id='par_1_3' title="bbox 334 1735 1708 3412">
     <span class='ocr_line' id='line_1_14' title="bbox 475 1735 1708 1817; baseline -0.004 -18"><span class='ocrx_word' id='word_1_128' title='bbox 475 1737 563 1799; x_wconf 90' lang='lat' dir='ltr'>Uvea</span> <span class='ocrx_word' id='word_1_129' title='bbox 590 1745 657 1798; x_wconf 92' lang='lat' dir='ltr'>tota</span> <span class='ocrx_word' id='word_1_130' title='bbox 688 1756 753 1797; x_wconf 88' lang='lat' dir='ltr'>cum</span> <span class='ocrx_word' id='word_1_131' title='bbox 781 1736 935 1798; x_wconf 89' lang='lat' dir='ltr'>ciliaribus</span> <span class='ocrx_word' id='word_1_132' title='bbox 967 1735 1158 1817; x_wconf 88' lang='lat' dir='ltr'>processibus</span> <span class='ocrx_word' id='word_1_133' title='bbox 1189 1737 1279 1797; x_wconf 90' lang='lat' dir='ltr'>adest</span> <span class='ocrx_word' id='word_1_134' title='bbox 1305 1745 1425 1799; x_wconf 90' lang='lat' dir='ltr'>tantum</span> <span class='ocrx_word' id='word_1_135' title='bbox 1458 1738 1497 1798; x_wconf 89' lang='lat' dir='ltr'>ad</span> <span class='ocrx_word' id='word_1_136' title='bbox 1526 1738 1708 1799; x_wconf 87' lang='lat' dir='ltr'>obscuritateu</span> 
     </span>
     <span class='ocr_line' id='line_1_15' title="bbox 387 1824 1708 1905; baseline -0.003 -17"><span class='ocrx_word' id='word_1_137' title='bbox 387 1826 595 1900; x_wconf 88' lang='lat' dir='ltr'>inducendam,</span> <span class='ocrx_word' id='word_1_138' title='bbox 619 1844 656 1885; x_wconf 91' lang='lat' dir='ltr'>ne</span> <span class='ocrx_word' id='word_1_139' title='bbox 682 1825 732 1886; x_wconf 82' lang='lat' dir='ltr'>lux</span> <span class='ocrx_word' id='word_1_140' title='bbox 755 1824 847 1886; x_wconf 90' lang='lat' dir='ltr'>nimia</span> <span class='ocrx_word' id='word_1_141' title='bbox 870 1825 912 1887; x_wconf 88' lang='lat' dir='ltr'>sit</span> <span class='ocrx_word' id='word_1_142' title='bbox 925 1826 1062 1887; x_wconf 90' lang='lat' dir='ltr'>molesta.</span> <span class='ocrx_word' id='word_1_143' title='bbox 1094 1826 1143 1886; x_wconf 89' lang='lat' dir='ltr'>Ad</span> <span class='ocrx_word' id='word_1_144' title='bbox 1158 1824 1289 1904; x_wconf 87' lang='lat' dir='ltr'>speciem</span> <span class='ocrx_word' id='word_1_145' title='bbox 1313 1844 1365 1886; x_wconf 88' lang='lat' dir='ltr'>seu</span> <span class='ocrx_word' id='word_1_146' title='bbox 1390 1826 1539 1905; x_wconf 88' lang='lat' dir='ltr'>picturam</span> <span class='ocrx_word' id='word_1_147' title='bbox 1556 1824 1708 1888; x_wconf 89' lang='lat' dir='ltr'>formandau</span> 
     </span>
     <span class='ocr_line' id='line_1_16' title="bbox 386 1914 1708 1994; baseline -0.005 -17"><span class='ocrx_word' id='word_1_148' title='bbox 386 1915 460 1977; x_wconf 92' lang='lat' dir='ltr'>nihil</span> <span class='ocrx_word' id='word_1_149' title='bbox 483 1914 611 1988; x_wconf 88' lang='lat' dir='ltr'>confert,</span> <span class='ocrx_word' id='word_1_150' title='bbox 634 1932 729 1993; x_wconf 90' lang='lat' dir='ltr'>neque</span> <span class='ocrx_word' id='word_1_151' title='bbox 753 1914 778 1974; x_wconf 92' lang='lat' dir='ltr'>si</span> <span class='ocrx_word' id='word_1_152' title='bbox 802 1915 961 1986; x_wconf 90' lang='lat' dir='ltr'>conferret,</span> <span class='ocrx_word' id='word_1_153' title='bbox 986 1933 1115 1994; x_wconf 88' lang='lat' dir='ltr'>unquam</span> <span class='ocrx_word' id='word_1_154' title='bbox 1139 1914 1220 1975; x_wconf 90' lang='lat' dir='ltr'>illam</span> <span class='ocrx_word' id='word_1_155' title='bbox 1245 1914 1415 1976; x_wconf 88' lang='lat' dir='ltr'>absolveret</span> <span class='ocrx_word' id='word_1_156' title='bbox 1439 1925 1471 1976; x_wconf 90' lang='lat' dir='ltr'>et</span> <span class='ocrx_word' id='word_1_157' title='bbox 1484 1916 1647 1994; x_wconf 87' lang='lat' dir='ltr'>perliceret,</span> <span class='ocrx_word' id='word_1_158' title='bbox 1668 1929 1708 1973; x_wconf 86' lang='lat' dir='ltr'>cun</span> 
     </span>
     <span class='ocr_line' id='line_1_17' title="bbox 388 1999 1708 2083; baseline -0.005 -18"><span class='ocrx_word' id='word_1_159' title='bbox 388 2005 522 2067; x_wconf 89' lang='lat' dir='ltr'>foramen</span> <span class='ocrx_word' id='word_1_160' title='bbox 546 2001 634 2063; x_wconf 90' lang='lat' dir='ltr'>nimis</span> <span class='ocrx_word' id='word_1_161' title='bbox 658 2001 698 2062; x_wconf 91' lang='lat' dir='ltr'>sit</span> <span class='ocrx_word' id='word_1_162' title='bbox 721 2003 851 2081; x_wconf 89' lang='lat' dir='ltr'>amplum</span> <span class='ocrx_word' id='word_1_163' title='bbox 874 2020 929 2081; x_wconf 94' lang='lat' dir='ltr'>pro</span> <span class='ocrx_word' id='word_1_164' title='bbox 953 2003 1030 2064; x_wconf 93' lang='lat' dir='ltr'>oculi</span> <span class='ocrx_word' id='word_1_165' title='bbox 1055 2002 1206 2083; x_wconf 88' lang='lat' dir='ltr'>angustia.</span> <span class='ocrx_word' id='word_1_166' title='bbox 1253 2002 1317 2064; x_wconf 92' lang='lat' dir='ltr'>lmo</span> <span class='ocrx_word' id='word_1_167' title='bbox 1346 2003 1374 2064; x_wconf 93' lang='lat' dir='ltr'>iu</span> <span class='ocrx_word' id='word_1_168' title='bbox 1405 2004 1539 2065; x_wconf 89' lang='lat' dir='ltr'>tenebris</span> <span class='ocrx_word' id='word_1_169' title='bbox 1568 1999 1708 2065; x_wconf 80' lang='lat' dir='ltr'>constitutis</span> 
     </span>
     <span class='ocr_line' id='line_1_18' title="bbox 388 2090 1708 2172; baseline -0.005 -18"><span class='ocrx_word' id='word_1_170' title='bbox 388 2093 535 2154; x_wconf 90' lang='lat' dir='ltr'>dilatatur</span> <span class='ocrx_word' id='word_1_171' title='bbox 559 2091 647 2170; x_wconf 93' lang='lat' dir='ltr'>triplo</span> <span class='ocrx_word' id='word_1_172' title='bbox 672 2090 769 2151; x_wconf 80' lang='lat' dir='ltr'>laxius</span> <span class='ocrx_word' id='word_1_173' title='bbox 794 2109 881 2169; x_wconf 90' lang='lat' dir='ltr'>quam</span> <span class='ocrx_word' id='word_1_174' title='bbox 905 2091 935 2152; x_wconf 91' lang='lat' dir='ltr'>in</span> <span class='ocrx_word' id='word_1_175' title='bbox 960 2091 1025 2152; x_wconf 91' lang='lat' dir='ltr'>luce</span> <span class='ocrx_word' id='word_1_176' title='bbox 1049 2090 1145 2166; x_wconf 85' lang='lat' dir='ltr'>Solis,</span> <span class='ocrx_word' id='word_1_177' title='bbox 1179 2099 1213 2152; x_wconf 91' lang='grc' dir='ltr'>ιιι</span> <span class='ocrx_word' id='word_1_178' title='bbox 1240 2090 1270 2152; x_wconf 91' lang='lat' dir='ltr'>in</span> <span class='ocrx_word' id='word_1_179' title='bbox 1294 2090 1425 2153; x_wconf 88' lang='lat' dir='ltr'>tenebris</span> <span class='ocrx_word' id='word_1_180' title='bbox 1455 2092 1575 2172; x_wconf 89' lang='lat' dir='ltr'>quidem</span> <span class='ocrx_word' id='word_1_181' title='bbox 1598 2092 1708 2171; x_wconf 88' lang='lat' dir='ltr'>majorem</span> 
     </span>
     <span class='ocr_line' id='line_1_19' title="bbox 334 2178 1708 2261; baseline -0.002 -19"><span class='ocrx_word' id='word_1_182' title='bbox 334 2247 338 2250; x_wconf 59' lang='grc'><strong>,</strong></span> <span class='ocrx_word' id='word_1_183' title='bbox 388 2189 506 2261; x_wconf 87' lang='lat' dir='ltr'>partem</span> <span class='ocrx_word' id='word_1_184' title='bbox 530 2178 697 2258; x_wconf 88' lang='lat' dir='ltr'>superficiei</span> <span class='ocrx_word' id='word_1_185' title='bbox 721 2178 888 2260; x_wconf 88' lang='lat' dir='ltr'>crystallini</span> <span class='ocrx_word' id='word_1_186' title='bbox 913 2180 1049 2258; x_wconf 84' lang='lat' dir='ltr'>detegat,</span> <span class='ocrx_word' id='word_1_187' title='bbox 1081 2200 1137 2259; x_wconf 92' lang='lat' dir='ltr'>qno</span> <span class='ocrx_word' id='word_1_188' title='bbox 1161 2181 1227 2259; x_wconf 95' lang='lat' dir='ltr'>plus</span> <span class='ocrx_word' id='word_1_189' title='bbox 1258 2180 1331 2242; x_wconf 89' lang='lat' dir='ltr'>lucis</span> <span class='ocrx_word' id='word_1_190' title='bbox 1362 2189 1425 2242; x_wconf 91' lang='lat' dir='ltr'>tam</span> <span class='ocrx_word' id='word_1_191' title='bbox 1456 2181 1565 2243; x_wconf 89' lang='lat' dir='ltr'>debilis</span> <span class='ocrx_word' id='word_1_192' title='bbox 1595 2200 1644 2261; x_wconf 90' lang='lat' dir='ltr'>per</span> <span class='ocrx_word' id='word_1_193' title='bbox 1661 2195 1708 2258; x_wconf 85' lang='lat' dir='ltr'>cq-</span> 
     </span>
     <span class='ocr_line' id='line_1_20' title="bbox 389 2267 1708 2350; baseline -0.003 -19"><span class='ocrx_word' id='word_1_194' title='bbox 389 2269 545 2331; x_wconf 90' lang='lat' dir='ltr'>stallinum</span> <span class='ocrx_word' id='word_1_195' title='bbox 569 2268 608 2328; x_wconf 89' lang='lat' dir='ltr'>ad</span> <span class='ocrx_word' id='word_1_196' title='bbox 632 2267 710 2328; x_wconf 92' lang='lat' dir='ltr'>idem</span> <span class='ocrx_word' id='word_1_197' title='bbox 733 2275 875 2345; x_wconf 90' lang='lat' dir='ltr'>punctum</span> <span class='ocrx_word' id='word_1_198' title='bbox 907 2268 1065 2330; x_wconf 87' lang='lat' dir='ltr'>collectum</span> <span class='ocrx_word' id='word_1_199' title='bbox 1094 2271 1184 2348; x_wconf 89' lang='lat' dir='ltr'>(quae</span> <span class='ocrx_word' id='word_1_200' title='bbox 1213 2269 1350 2330; x_wconf 91' lang='lat' dir='ltr'>collectio</span> <span class='ocrx_word' id='word_1_201' title='bbox 1382 2269 1419 2330; x_wconf 89' lang='lat' dir='ltr'>ad</span> <span class='ocrx_word' id='word_1_202' title='bbox 1449 2270 1528 2331; x_wconf 88' lang='lat' dir='ltr'>idem</span> <span class='ocrx_word' id='word_1_203' title='bbox 1560 2278 1708 2350; x_wconf 83' lang='lat' dir='ltr'>punctuna</span> 
     </span>
     <span class='ocr_line' id='line_1_21' title="bbox 389 2355 1708 2439; baseline -0.007 -19"><span class='ocrx_word' id='word_1_204' title='bbox 389 2357 566 2439; x_wconf 87' lang='lat' dir='ltr'>crystallino</span> <span class='ocrx_word' id='word_1_205' title='bbox 591 2356 624 2416; x_wconf 90' lang='lat' dir='ltr'>lit</span> <span class='ocrx_word' id='word_1_206' title='bbox 647 2355 710 2417; x_wconf 88' lang='lat' dir='ltr'>sine</span> <span class='ocrx_word' id='word_1_207' title='bbox 735 2374 790 2434; x_wconf 88' lang='lat' dir='ltr'>ope</span> <span class='ocrx_word' id='word_1_208' title='bbox 815 2356 984 2430; x_wconf 90' lang='lat' dir='ltr'>foraminis)</span> <span class='ocrx_word' id='word_1_209' title='bbox 1009 2377 1129 2419; x_wconf 90' lang='lat' dir='ltr'>sensum</span> <span class='ocrx_word' id='word_1_210' title='bbox 1155 2366 1239 2419; x_wconf 91' lang='lat' dir='ltr'>tanto</span> <span class='ocrx_word' id='word_1_211' title='bbox 1266 2357 1432 2420; x_wconf 86' lang='lat' dir='ltr'>evidentius</span> <span class='ocrx_word' id='word_1_212' title='bbox 1456 2369 1591 2420; x_wconf 86' lang='lat' dir='ltr'>moveat:</span> <span class='ocrx_word' id='word_1_213' title='bbox 1622 2359 1647 2417; x_wconf 92' lang='lat' dir='ltr'>in</span> <span class='ocrx_word' id='word_1_214' title='bbox 1665 2356 1708 2415; x_wconf 87' lang='lat' dir='ltr'>luce</span> 
     </span>
     <span class='ocr_line' id='line_1_22' title="bbox 388 2443 1707 2525; baseline -0.005 -20"><span class='ocrx_word' id='word_1_215' title='bbox 388 2465 460 2508; x_wconf 88' lang='lat' dir='ltr'>vero</span> <span class='ocrx_word' id='word_1_216' title='bbox 477 2445 632 2524; x_wconf 90' lang='lat' dir='ltr'>angustior</span> <span class='ocrx_word' id='word_1_217' title='bbox 655 2453 712 2518; x_wconf 91' lang='lat' dir='ltr'>est,</span> <span class='ocrx_word' id='word_1_218' title='bbox 738 2444 861 2525; x_wconf 90' lang='lat' dir='ltr'>utplus</span> <span class='ocrx_word' id='word_1_219' title='bbox 886 2445 960 2506; x_wconf 90' lang='lat' dir='ltr'>lucis</span> <span class='ocrx_word' id='word_1_220' title='bbox 984 2446 1134 2521; x_wconf 84' lang='lat' dir='ltr'>excludat,</span> <span class='ocrx_word' id='word_1_221' title='bbox 1161 2465 1197 2508; x_wconf 92' lang='lat' dir='ltr'>ne</span> <span class='ocrx_word' id='word_1_222' title='bbox 1221 2454 1285 2507; x_wconf 92' lang='lat' dir='ltr'>tam</span> <span class='ocrx_word' id='word_1_223' title='bbox 1309 2446 1395 2508; x_wconf 89' lang='lat' dir='ltr'>fortis</span> <span class='ocrx_word' id='word_1_224' title='bbox 1419 2447 1470 2508; x_wconf 88' lang='lat' dir='ltr'>lux</span> <span class='ocrx_word' id='word_1_225' title='bbox 1494 2443 1707 2509; x_wconf 84' lang='lat' dir='ltr'>sensumlaedat.</span> 
     </span>
     <span class='ocr_line' id='line_1_23' title="bbox 390 2532 1708 2614; baseline -0.004 -18"><span class='ocrx_word' id='word_1_226' title='bbox 390 2535 496 2614; x_wconf 92' lang='lat' dir='ltr'>ltaque</span> <span class='ocrx_word' id='word_1_227' title='bbox 525 2534 601 2595; x_wconf 91' lang='lat' dir='ltr'>situs</span> <span class='ocrx_word' id='word_1_228' title='bbox 632 2532 786 2594; x_wconf 86' lang='lat' dir='ltr'>foraminis</span> <span class='ocrx_word' id='word_1_229' title='bbox 815 2532 902 2612; x_wconf 84' lang='lat' dir='ltr'>hujus</span> <span class='ocrx_word' id='word_1_230' title='bbox 932 2534 973 2595; x_wconf 92' lang='lat' dir='ltr'>ibi</span> <span class='ocrx_word' id='word_1_231' title='bbox 1002 2543 1064 2610; x_wconf 91' lang='lat' dir='ltr'>est,</span> <span class='ocrx_word' id='word_1_232' title='bbox 1098 2535 1146 2597; x_wconf 91' lang='lat' dir='ltr'>nbi</span> <span class='ocrx_word' id='word_1_233' title='bbox 1176 2545 1224 2596; x_wconf 89' lang='lat' dir='ltr'>est</span> <span class='ocrx_word' id='word_1_234' title='bbox 1252 2534 1424 2598; x_wconf 89' lang='lat' dir='ltr'>intersectio</span> <span class='ocrx_word' id='word_1_235' title='bbox 1453 2537 1619 2608; x_wconf 87' lang='lat' dir='ltr'>radiorum,</span> <span class='ocrx_word' id='word_1_236' title='bbox 1644 2549 1708 2595; x_wconf 83' lang='lat' dir='ltr'>causa</span> 
     </span>
     <span class='ocr_line' id='line_1_24' title="bbox 388 2616 1708 2704; baseline -0.005 -19"><span class='ocrx_word' id='word_1_237' title='bbox 388 2624 482 2704; x_wconf 90' lang='lat' dir='ltr'>ipsius</span> <span class='ocrx_word' id='word_1_238' title='bbox 511 2621 678 2704; x_wconf 86' lang='lat' dir='ltr'>crystallini</span> <span class='ocrx_word' id='word_1_239' title='bbox 702 2621 852 2696; x_wconf 82' lang='lat' dir='ltr'>existens3</span> <span class='ocrx_word' id='word_1_240' title='bbox 878 2624 1012 2703; x_wconf 88' lang='lat' dir='ltr'>quamvis</span> <span class='ocrx_word' id='word_1_241' title='bbox 1036 2623 1110 2684; x_wconf 91' lang='lat' dir='ltr'>haec</span> <span class='ocrx_word' id='word_1_242' title='bbox 1135 2623 1308 2685; x_wconf 90' lang='lat' dir='ltr'>intersectio</span> <span class='ocrx_word' id='word_1_243' title='bbox 1332 2645 1390 2685; x_wconf 90' lang='lat' dir='ltr'>non</span> <span class='ocrx_word' id='word_1_244' title='bbox 1414 2625 1469 2685; x_wconf 86' lang='lat' dir='ltr'>liat</span> <span class='ocrx_word' id='word_1_245' title='bbox 1491 2625 1521 2686; x_wconf 92' lang='lat' dir='ltr'>iu</span> <span class='ocrx_word' id='word_1_246' title='bbox 1544 2633 1656 2704; x_wconf 84' lang='lat' dir='ltr'>puncto,</span> <span class='ocrx_word' id='word_1_247' title='bbox 1672 2616 1708 2679; x_wconf 88' lang='lat' dir='ltr'>sel</span> 
     </span>
     <span class='ocr_line' id='line_1_25' title="bbox 390 2709 1708 2794; baseline -0.008 -20"><span class='ocrx_word' id='word_1_248' title='bbox 390 2712 420 2774; x_wconf 92' lang='lat' dir='ltr'>in</span> <span class='ocrx_word' id='word_1_249' title='bbox 444 2710 651 2791; x_wconf 84' lang='lat' dir='ltr'>longissimum</span> <span class='ocrx_word' id='word_1_250' title='bbox 674 2730 780 2773; x_wconf 90' lang='lat' dir='ltr'>conum</span> <span class='ocrx_word' id='word_1_251' title='bbox 804 2721 966 2792; x_wconf 84' lang='lat' dir='ltr'>spargatur</span> <span class='ocrx_word' id='word_1_252' title='bbox 989 2712 1027 2773; x_wconf 93' lang='lat' dir='ltr'>ob</span> <span class='ocrx_word' id='word_1_253' title='bbox 1051 2713 1227 2774; x_wconf 88' lang='lat' dir='ltr'>circularem</span> <span class='ocrx_word' id='word_1_254' title='bbox 1243 2713 1410 2794; x_wconf 88' lang='lat' dir='ltr'>crystallini</span> <span class='ocrx_word' id='word_1_255' title='bbox 1430 2714 1624 2792; x_wconf 86' lang='lat' dir='ltr'>superficiem.</span> <span class='ocrx_word' id='word_1_256' title='bbox 1650 2709 1708 2770; x_wconf 85' lang='lat' dir='ltr'>Situs</span> 
     </span>
     <span class='ocr_line' id='line_1_26' title="bbox 390 2799 1708 2882; baseline -0.003 -20"><span class='ocrx_word' id='word_1_257' title='bbox 390 2801 482 2882; x_wconf 87' lang='lat' dir='ltr'>igitur</span> <span class='ocrx_word' id='word_1_258' title='bbox 505 2799 659 2862; x_wconf 88' lang='lat' dir='ltr'>foraminis</span> <span class='ocrx_word' id='word_1_259' title='bbox 684 2799 717 2860; x_wconf 89' lang='lat' dir='ltr'>fit</span> <span class='ocrx_word' id='word_1_260' title='bbox 741 2799 822 2861; x_wconf 91' lang='lat' dir='ltr'>basis</span> <span class='ocrx_word' id='word_1_261' title='bbox 846 2801 935 2879; x_wconf 90' lang='lat' dir='ltr'>hujus</span> <span class='ocrx_word' id='word_1_262' title='bbox 959 2801 1203 2862; x_wconf 86' lang='lat' dir='ltr'>intersectionurn</span> <span class='ocrx_word' id='word_1_263' title='bbox 1228 2802 1304 2861; x_wconf 90' lang='lat' dir='ltr'>coni.</span> <span class='ocrx_word' id='word_1_264' title='bbox 1335 2802 1412 2862; x_wconf 82' lang='lat' dir='ltr'>Nam</span> <span class='ocrx_word' id='word_1_265' title='bbox 1437 2802 1515 2864; x_wconf 89' lang='lat' dir='ltr'>inter</span> <span class='ocrx_word' id='word_1_266' title='bbox 1539 2802 1708 2863; x_wconf 79' lang='lat' dir='ltr'>hoctoranu</span> 
     </span>
     <span class='ocr_line' id='line_1_27' title="bbox 390 2887 1708 2974; baseline -0.007 -23"><span class='ocrx_word' id='word_1_267' title='bbox 390 2899 422 2951; x_wconf 90' lang='lat' dir='ltr'>et</span> <span class='ocrx_word' id='word_1_268' title='bbox 445 2889 656 2974; x_wconf 76' lang='lat' dir='ltr'>crystallinum</span> <span class='ocrx_word' id='word_1_269' title='bbox 679 2888 761 2950; x_wconf 89' lang='lat' dir='ltr'>nulla</span> <span class='ocrx_word' id='word_1_270' title='bbox 791 2897 839 2950; x_wconf 92' lang='lat' dir='ltr'>est</span> <span class='ocrx_word' id='word_1_271' title='bbox 868 2888 1057 2964; x_wconf 89' lang='lat' dir='ltr'>intersectio,</span> <span class='ocrx_word' id='word_1_272' title='bbox 1083 2898 1114 2950; x_wconf 90' lang='lat' dir='ltr'>et</span> <span class='ocrx_word' id='word_1_273' title='bbox 1137 2889 1163 2950; x_wconf 88' lang='lat' dir='ltr'>si</span> <span class='ocrx_word' id='word_1_274' title='bbox 1188 2889 1258 2968; x_wconf 91' lang='lat' dir='ltr'>quid</span> <span class='ocrx_word' id='word_1_275' title='bbox 1281 2888 1322 2951; x_wconf 92' lang='lat' dir='ltr'>ibi</span> <span class='ocrx_word' id='word_1_276' title='bbox 1351 2899 1434 2953; x_wconf 90' lang='lat' dir='ltr'>esset</span> <span class='ocrx_word' id='word_1_277' title='bbox 1462 2890 1540 2952; x_wconf 90' lang='lat' dir='ltr'>visui</span> <span class='ocrx_word' id='word_1_278' title='bbox 1563 2887 1708 2969; x_wconf 84' lang='lat' dir='ltr'>expositum,</span> 
     </span>
     <span class='ocr_line' id='line_1_28' title="bbox 389 2976 1708 3056; baseline 0.002 -20"><span class='ocrx_word' id='word_1_279' title='bbox 389 2978 542 3040; x_wconf 88' lang='lat' dir='ltr'>videretur</span> <span class='ocrx_word' id='word_1_280' title='bbox 565 2995 702 3038; x_wconf 84' lang='lat' dir='ltr'>eversum</span> <span class='ocrx_word' id='word_1_281' title='bbox 727 2985 758 3037; x_wconf 89' lang='lat' dir='ltr'>et</span> <span class='ocrx_word' id='word_1_282' title='bbox 781 2977 944 3038; x_wconf 90' lang='lat' dir='ltr'>confusum.</span> <span class='ocrx_word' id='word_1_283' title='bbox 992 2976 1076 3037; x_wconf 91' lang='lat' dir='ltr'>Intus</span> <span class='ocrx_word' id='word_1_284' title='bbox 1101 2997 1178 3039; x_wconf 90' lang='lat' dir='ltr'>uvea</span> <span class='ocrx_word' id='word_1_285' title='bbox 1201 2986 1249 3039; x_wconf 94' lang='lat' dir='ltr'>est</span> <span class='ocrx_word' id='word_1_286' title='bbox 1273 2997 1395 3056; x_wconf 86' lang='lat' dir='ltr'>aspera,</span> <span class='ocrx_word' id='word_1_287' title='bbox 1429 2999 1466 3040; x_wconf 88' lang='lat' dir='ltr'>ne</span> <span class='ocrx_word' id='word_1_288' title='bbox 1496 2979 1572 3040; x_wconf 88' lang='lat' dir='ltr'>levis</span> <span class='ocrx_word' id='word_1_289' title='bbox 1600 2978 1708 3039; x_wconf 74' lang='lat' dir='ltr'>sisset</span> 
     </span>
     <span class='ocr_line' id='line_1_29' title="bbox 390 3061 1708 3148; baseline -0.005 -20"><span class='ocrx_word' id='word_1_290' title='bbox 390 3085 599 3146; x_wconf 85' lang='lat' dir='ltr'>repercussum</span> <span class='ocrx_word' id='word_1_291' title='bbox 624 3065 758 3127; x_wconf 89' lang='lat' dir='ltr'>efficeret</span> <span class='ocrx_word' id='word_1_292' title='bbox 781 3066 857 3125; x_wconf 92' lang='lat' dir='ltr'>radii</span> <span class='ocrx_word' id='word_1_293' title='bbox 882 3085 918 3125; x_wconf 84' lang='lat' dir='ltr'>ex</span> <span class='ocrx_word' id='word_1_294' title='bbox 943 3066 1109 3147; x_wconf 87' lang='lat' dir='ltr'>crystallini</span> <span class='ocrx_word' id='word_1_295' title='bbox 1141 3067 1295 3144; x_wconf 89' lang='lat' dir='ltr'>superficie</span> <span class='ocrx_word' id='word_1_296' title='bbox 1326 3067 1354 3127; x_wconf 92' lang='lat' dir='ltr'>in</span> <span class='ocrx_word' id='word_1_297' title='bbox 1379 3087 1411 3127; x_wconf 88' lang='lat' dir='ltr'>se</span> <span class='ocrx_word' id='word_1_298' title='bbox 1441 3067 1617 3148; x_wconf 86' lang='lat' dir='ltr'>repercussi.</span> <span class='ocrx_word' id='word_1_299' title='bbox 1656 3061 1708 3122; x_wconf 77' lang='lat' dir='ltr'>fou</span> 
     </span>
     <span class='ocr_line' id='line_1_30' title="bbox 390 3152 1708 3235; baseline -0.009 -18"><span class='ocrx_word' id='word_1_300' title='bbox 390 3157 485 3235; x_wconf 86' lang='lat' dir='ltr'>nigra,</span> <span class='ocrx_word' id='word_1_301' title='bbox 512 3155 602 3217; x_wconf 89' lang='lat' dir='ltr'>etiam</span> <span class='ocrx_word' id='word_1_302' title='bbox 628 3173 686 3233; x_wconf 89' lang='lat' dir='ltr'>qua</span> <span class='ocrx_word' id='word_1_303' title='bbox 701 3152 827 3216; x_wconf 89' lang='lat' dir='ltr'>retinam</span> <span class='ocrx_word' id='word_1_304' title='bbox 847 3155 1065 3231; x_wconf 89' lang='lat' dir='ltr'>complectitur,</span> <span class='ocrx_word' id='word_1_305' title='bbox 1091 3155 1280 3217; x_wconf 88' lang='lat' dir='ltr'>substantiae</span> <span class='ocrx_word' id='word_1_306' title='bbox 1295 3155 1498 3218; x_wconf 84' lang='lat' dir='ltr'>similitudine.</span> <span class='ocrx_word' id='word_1_307' title='bbox 1521 3154 1708 3217; x_wconf 81' lang='lat' dir='ltr'>Nutriiuentuu</span> 
     </span>
     <span class='ocr_line' id='line_1_31' title="bbox 390 3238 1708 3323; baseline -0.005 -18"><span class='ocrx_word' id='word_1_308' title='bbox 390 3244 482 3315; x_wconf 91' lang='lat' dir='ltr'>enim,</span> <span class='ocrx_word' id='word_1_309' title='bbox 513 3262 570 3323; x_wconf 91' lang='lat' dir='ltr'>qno</span> <span class='ocrx_word' id='word_1_310' title='bbox 601 3241 752 3304; x_wconf 89' lang='lat' dir='ltr'>anteriora</span> <span class='ocrx_word' id='word_1_311' title='bbox 779 3242 864 3320; x_wconf 88' lang='lat' dir='ltr'>nigra</span> <span class='ocrx_word' id='word_1_312' title='bbox 895 3241 958 3304; x_wconf 89' lang='lat' dir='ltr'>fieri</span> <span class='ocrx_word' id='word_1_313' title='bbox 989 3243 1133 3318; x_wconf 89' lang='lat' dir='ltr'>debuere,</span> <span class='ocrx_word' id='word_1_314' title='bbox 1165 3262 1218 3322; x_wconf 90' lang='lat' dir='ltr'>per</span> <span class='ocrx_word' id='word_1_315' title='bbox 1249 3243 1419 3305; x_wconf 86' lang='lat' dir='ltr'>clroroidem</span> <span class='ocrx_word' id='word_1_316' title='bbox 1448 3244 1607 3305; x_wconf 85' lang='lat' dir='ltr'>transitum</span> <span class='ocrx_word' id='word_1_317' title='bbox 1636 3238 1708 3301; x_wconf 85' lang='lat' dir='ltr'>habet.</span> 
     </span>
     <span class='ocr_line' id='line_1_32' title="bbox 389 3330 1672 3412; baseline -0.008 -16"><span class='ocrx_word' id='word_1_318' title='bbox 389 3332 457 3396; x_wconf 85' lang='lat' dir='ltr'>Nisi</span> <span class='ocrx_word' id='word_1_319' title='bbox 481 3333 557 3394; x_wconf 92' lang='lat' dir='ltr'>forte</span> <span class='ocrx_word' id='word_1_320' title='bbox 583 3339 614 3392; x_wconf 91' lang='lat' dir='ltr'>et</span> <span class='ocrx_word' id='word_1_321' title='bbox 637 3330 736 3391; x_wconf 87' lang='lat' dir='ltr'>retina</span> <span class='ocrx_word' id='word_1_322' title='bbox 758 3330 1006 3409; x_wconf 86' lang='lat' dir='ltr'>perspicuitatem</span> <span class='ocrx_word' id='word_1_323' title='bbox 1030 3332 1142 3393; x_wconf 90' lang='lat' dir='ltr'>babeat</span> <span class='ocrx_word' id='word_1_324' title='bbox 1166 3332 1298 3412; x_wconf 88' lang='lat' dir='ltr'>haecque</span> <span class='ocrx_word' id='word_1_325' title='bbox 1322 3333 1409 3411; x_wconf 85' lang='lat' dir='ltr'>nigra</span> <span class='ocrx_word' id='word_1_326' title='bbox 1432 3332 1516 3395; x_wconf 91' lang='lat' dir='ltr'>illam</span> <span class='ocrx_word' id='word_1_327' title='bbox 1541 3330 1672 3394; x_wconf 87' lang='lat' dir='ltr'>terminet.</span> 
     </span>
    </p>

    <p class='ocr_par' dir='ltr' id='par_1_4' title="bbox 392 3418 1708 3590">
     <span class='ocr_line' id='line_1_33' title="bbox 479 3418 1708 3500; baseline -0.004 -19"><span class='ocrx_word' id='word_1_328' title='bbox 479 3420 579 3500; x_wconf 90' lang='lat' dir='ltr'>Aquei</span> <span class='ocrx_word' id='word_1_329' title='bbox 603 3418 734 3480; x_wconf 89' lang='lat' dir='ltr'>humoris</span> <span class='ocrx_word' id='word_1_330' title='bbox 759 3420 926 3480; x_wconf 85' lang='lat' dir='ltr'>necessitas</span> <span class='ocrx_word' id='word_1_331' title='bbox 960 3420 1015 3482; x_wconf 88' lang='lat' dir='ltr'>fuit</span> <span class='ocrx_word' id='word_1_332' title='bbox 1043 3420 1081 3480; x_wconf 89' lang='lat' dir='ltr'>ad</span> <span class='ocrx_word' id='word_1_333' title='bbox 1111 3439 1247 3482; x_wconf 90' lang='lat' dir='ltr'>cameras</span> <span class='ocrx_word' id='word_1_334' title='bbox 1277 3420 1444 3499; x_wconf 87' lang='lat' dir='ltr'>implendas</span> <span class='ocrx_word' id='word_1_335' title='bbox 1474 3429 1505 3482; x_wconf 93' lang='lat' dir='ltr'>et</span> <span class='ocrx_word' id='word_1_336' title='bbox 1536 3418 1708 3482; x_wconf 78' lang='lat' dir='ltr'>refractionem</span> 
     </span>
     <span class='ocr_line' id='line_1_34' title="bbox 392 3506 1620 3590; baseline -0.002 -20"><span class='ocrx_word' id='word_1_337' title='bbox 392 3508 419 3570; x_wconf 93' lang='lat' dir='ltr'>iu</span> <span class='ocrx_word' id='word_1_338' title='bbox 445 3527 554 3569; x_wconf 89' lang='lat' dir='ltr'>cornea</span> <span class='ocrx_word' id='word_1_339' title='bbox 578 3508 689 3568; x_wconf 89' lang='lat' dir='ltr'>factam</span> <span class='ocrx_word' id='word_1_340' title='bbox 713 3506 955 3580; x_wconf 89' lang='lat' dir='ltr'>continuandam,</span> <span class='ocrx_word' id='word_1_341' title='bbox 980 3516 1013 3569; x_wconf 91' lang='lat' dir='ltr'>nt</span> <span class='ocrx_word' id='word_1_342' title='bbox 1037 3527 1095 3570; x_wconf 90' lang='lat' dir='ltr'>uua</span> <span class='ocrx_word' id='word_1_343' title='bbox 1119 3518 1201 3571; x_wconf 89' lang='lat' dir='ltr'>esset</span> <span class='ocrx_word' id='word_1_344' title='bbox 1224 3529 1317 3589; x_wconf 87' lang='lat' dir='ltr'>usque</span> <span class='ocrx_word' id='word_1_345' title='bbox 1342 3510 1380 3570; x_wconf 90' lang='lat' dir='ltr'>ad</span> <span class='ocrx_word' id='word_1_346' title='bbox 1404 3510 1620 3590; x_wconf 89' lang='lat' dir='ltr'>crystallinum.</span> 
     </span>
    </p>

    <p class='ocr_par' dir='ltr' id='par_1_5' title="bbox 392 3585 1708 3924">
     <span class='ocr_line' id='line_1_35' title="bbox 481 3585 1708 3678; baseline -0.002 -21"><span class='ocrx_word' id='word_1_347' title='bbox 481 3594 600 3658; x_wconf 85' lang='lat' dir='ltr'>Cornea</span> <span class='ocrx_word' id='word_1_348' title='bbox 622 3594 723 3657; x_wconf 89' lang='lat' dir='ltr'>tunica</span> <span class='ocrx_word' id='word_1_349' title='bbox 747 3595 867 3673; x_wconf 90' lang='lat' dir='ltr'>etipsa</span> <span class='ocrx_word' id='word_1_350' title='bbox 899 3596 1018 3659; x_wconf 85' lang='lat' dir='ltr'>videtur</span> <span class='ocrx_word' id='word_1_351' title='bbox 1042 3616 1109 3658; x_wconf 90' lang='lat' dir='ltr'>esse</span> <span class='ocrx_word' id='word_1_352' title='bbox 1134 3598 1323 3676; x_wconf 91' lang='lat' dir='ltr'>portiuncula</span> <span class='ocrx_word' id='word_1_353' title='bbox 1346 3597 1545 3678; x_wconf 89' lang='lat' dir='ltr'>sphaeroidis,</span> <span class='ocrx_word' id='word_1_354' title='bbox 1575 3607 1607 3658; x_wconf 92' lang='lat' dir='ltr'>ut</span> <span class='ocrx_word' id='word_1_355' title='bbox 1632 3585 1708 3676; x_wconf 77' lang='lat' dir='ltr'>quiin</span> 
     </span>
     <span class='ocr_line' id='line_1_36' title="bbox 392 3683 1708 3766; baseline -0.006 -20"><span class='ocrx_word' id='word_1_356' title='bbox 392 3684 571 3746; x_wconf 86' lang='lat' dir='ltr'>anteriorem</span> <span class='ocrx_word' id='word_1_357' title='bbox 594 3683 759 3764; x_wconf 88' lang='lat' dir='ltr'>crystallini</span> <span class='ocrx_word' id='word_1_358' title='bbox 784 3684 969 3762; x_wconf 85' lang='lat' dir='ltr'>superficiem</span> <span class='ocrx_word' id='word_1_359' title='bbox 993 3686 1136 3760; x_wconf 88' lang='lat' dir='ltr'>incidunt,</span> <span class='ocrx_word' id='word_1_360' title='bbox 1160 3686 1423 3766; x_wconf 86' lang='lat' dir='ltr'>perpendiculares</span> <span class='ocrx_word' id='word_1_361' title='bbox 1447 3688 1486 3748; x_wconf 90' lang='lat' dir='ltr'>ad</span> <span class='ocrx_word' id='word_1_362' title='bbox 1502 3706 1589 3747; x_wconf 86' lang='lat' dir='ltr'>unum</span> <span class='ocrx_word' id='word_1_363' title='bbox 1603 3687 1708 3764; x_wconf 80' lang='lat' dir='ltr'>panum</span> 
     </span>
     <span class='ocr_line' id='line_1_37' title="bbox 392 3772 1708 3857; baseline -0.004 -21"><span class='ocrx_word' id='word_1_364' title='bbox 392 3773 471 3836; x_wconf 87' lang='lat' dir='ltr'>coire</span> <span class='ocrx_word' id='word_1_365' title='bbox 495 3772 621 3851; x_wconf 88' lang='lat' dir='ltr'>possint.</span> <span class='ocrx_word' id='word_1_366' title='bbox 654 3772 736 3835; x_wconf 89' lang='lat' dir='ltr'>Nihil</span> <span class='ocrx_word' id='word_1_367' title='bbox 759 3780 861 3834; x_wconf 91' lang='lat' dir='ltr'>tamen</span> <span class='ocrx_word' id='word_1_368' title='bbox 885 3773 1010 3852; x_wconf 90' lang='lat' dir='ltr'>impedit</span> <span class='ocrx_word' id='word_1_369' title='bbox 1033 3783 1065 3836; x_wconf 91' lang='lat' dir='ltr'>et</span> <span class='ocrx_word' id='word_1_370' title='bbox 1088 3794 1214 3837; x_wconf 90' lang='lat' dir='ltr'>corneae</span> <span class='ocrx_word' id='word_1_371' title='bbox 1232 3776 1400 3855; x_wconf 85' lang='lat' dir='ltr'>perfectam</span> <span class='ocrx_word' id='word_1_372' title='bbox 1424 3795 1492 3837; x_wconf 90' lang='lat' dir='ltr'>esse</span> <span class='ocrx_word' id='word_1_373' title='bbox 1517 3773 1708 3857; x_wconf 66' lang='lat' dir='ltr'>rotunditatem</span> 
     </span>
     <span class='ocr_line' id='line_1_38' title="bbox 392 3861 672 3924; baseline -0.007 0"><span class='ocrx_word' id='word_1_374' title='bbox 392 3872 425 3924; x_wconf 89' lang='grc' dir='ltr'>ιιι</span> <span class='ocrx_word' id='word_1_375' title='bbox 448 3862 526 3924; x_wconf 92' lang='lat' dir='ltr'>infra</span> <span class='ocrx_word' id='word_1_376' title='bbox 548 3861 672 3923; x_wconf 88' lang='lat' dir='ltr'>dicetur.</span> 
     </span>
    </p>
   </div>
   <div class='ocr_carea' id='block_1_3' title="bbox 482 4001 1651 4174">
    <p class='ocr_par' dir='ltr' id='par_1_6' title="bbox 482 4001 1651 4174">
     <span class='ocr_line' id='line_1_39' title="bbox 482 4001 1651 4083; baseline -0.003 -17"><span class='ocrx_word' id='word_1_377' title='bbox 482 4002 512 4066; x_wconf 89' lang='lat'>3.</span> <span class='ocrx_word' id='word_1_378' title='bbox 551 4001 836 4066; x_wconf 87' lang='lat' dir='ltr'>Demonstratio</span> <span class='ocrx_word' id='word_1_379' title='bbox 860 4006 1000 4078; x_wconf 87' lang='lat' dir='ltr'>eorum,</span> <span class='ocrx_word' id='word_1_380' title='bbox 1030 4023 1123 4083; x_wconf 89' lang='lat' dir='ltr'>quae</span> <span class='ocrx_word' id='word_1_381' title='bbox 1147 4004 1247 4066; x_wconf 92' lang='lat' dir='ltr'>circa</span> <span class='ocrx_word' id='word_1_382' title='bbox 1270 4005 1409 4068; x_wconf 89' lang='lat' dir='ltr'>modum</span> <span class='ocrx_word' id='word_1_383' title='bbox 1432 4005 1592 4067; x_wconf 87' lang='lat' dir='ltr'>visionis</span> <span class='ocrx_word' id='word_1_384' title='bbox 1614 4003 1651 4065; x_wconf 85' lang='lat' dir='ltr'>de</span> 
     </span>
     <span class='ocr_line' id='line_1_40' title="bbox 834 4092 1298 4174; baseline 0.004 -20"><span class='ocrx_word' id='word_1_385' title='bbox 834 4092 1058 4174; x_wconf 90' lang='lat' dir='ltr'>crystallino</span> <span class='ocrx_word' id='word_1_386' title='bbox 1083 4092 1184 4154; x_wconf 89' lang='lat' dir='ltr'>dicta</span> <span class='ocrx_word' id='word_1_387' title='bbox 1207 4102 1298 4157; x_wconf 85' lang='lat' dir='ltr'>sunt.</span> 
     </span>
    </p>
   </div>
   <div class='ocr_carea' id='block_1_4' title="bbox 340 4201 1708 5099">
    <p class='ocr_par' dir='ltr' id='par_1_7' title="bbox 340 4201 1708 4737">
     <span class='ocr_line' id='line_1_41' title="bbox 484 4201 1708 4298; baseline -0.001 -22"><span class='ocrx_word' id='word_1_388' title='bbox 484 4210 688 4296; x_wconf 82' lang='lat' dir='ltr'>Quaecunque</span> <span class='ocrx_word' id='word_1_389' title='bbox 714 4215 775 4275; x_wconf 90' lang='lat' dir='ltr'>fere</span> <span class='ocrx_word' id='word_1_390' title='bbox 800 4214 947 4276; x_wconf 89' lang='lat' dir='ltr'>hactenus</span> <span class='ocrx_word' id='word_1_391' title='bbox 977 4216 1013 4277; x_wconf 92' lang='lat' dir='ltr'>de</span> <span class='ocrx_word' id='word_1_392' title='bbox 1043 4217 1217 4298; x_wconf 90' lang='lat' dir='ltr'>crystallino</span> <span class='ocrx_word' id='word_1_393' title='bbox 1248 4217 1330 4279; x_wconf 90' lang='lat' dir='ltr'>dicta</span> <span class='ocrx_word' id='word_1_394' title='bbox 1357 4226 1440 4292; x_wconf 90' lang='lat' dir='ltr'>suut,</span> <span class='ocrx_word' id='word_1_395' title='bbox 1476 4237 1578 4280; x_wconf 88' lang='lat' dir='ltr'>eorum</span> <span class='ocrx_word' id='word_1_396' title='bbox 1610 4201 1708 4293; x_wconf 67' lang='lat' dir='ltr'>autari</span> 
     </span>
     <span class='ocr_line' id='line_1_42' title="bbox 392 4292 1708 4388; baseline -0.005 -19"><span class='ocrx_word' id='word_1_397' title='bbox 392 4301 506 4388; x_wconf 88' lang='lat' dir='ltr'>passim</span> <span class='ocrx_word' id='word_1_398' title='bbox 539 4312 699 4366; x_wconf 88' lang='lat' dir='ltr'>cernuntur</span> <span class='ocrx_word' id='word_1_399' title='bbox 731 4304 938 4381; x_wconf 83' lang='lat' dir='ltr'>experimenta</span> <span class='ocrx_word' id='word_1_400' title='bbox 968 4303 997 4366; x_wconf 92' lang='lat' dir='ltr'>in</span> <span class='ocrx_word' id='word_1_401' title='bbox 1030 4305 1100 4383; x_wconf 92' lang='lat' dir='ltr'>pilis</span> <span class='ocrx_word' id='word_1_402' title='bbox 1135 4306 1338 4387; x_wconf 86' lang='lat' dir='ltr'>crystallinis,</span> <span class='ocrx_word' id='word_1_403' title='bbox 1369 4306 1459 4385; x_wconf 84' lang='lat' dir='ltr'>inque</span> <span class='ocrx_word' id='word_1_404' title='bbox 1490 4302 1578 4368; x_wconf 81' lang='lat' dir='ltr'>vitris</span> <span class='ocrx_word' id='word_1_405' title='bbox 1609 4292 1708 4381; x_wconf 66' lang='lat' dir='ltr'>nriuaffi</span> 
     </span>
     <span class='ocr_line' id='line_1_43' title="bbox 394 4384 1708 4476; baseline 0.001 -18"><span class='ocrx_word' id='word_1_406' title='bbox 394 4395 518 4475; x_wconf 89' lang='lat' dir='ltr'>limpida</span> <span class='ocrx_word' id='word_1_407' title='bbox 541 4411 619 4472; x_wconf 90' lang='lat' dir='ltr'>aqua</span> <span class='ocrx_word' id='word_1_408' title='bbox 643 4390 775 4470; x_wconf 87' lang='lat' dir='ltr'>repletis.</span> <span class='ocrx_word' id='word_1_409' title='bbox 814 4391 935 4453; x_wconf 88' lang='lat' dir='ltr'>Etenim</span> <span class='ocrx_word' id='word_1_410' title='bbox 959 4392 984 4453; x_wconf 91' lang='lat' dir='ltr'>si</span> <span class='ocrx_word' id='word_1_411' title='bbox 1009 4394 1074 4472; x_wconf 93' lang='lat' dir='ltr'>quis</span> <span class='ocrx_word' id='word_1_412' title='bbox 1099 4413 1163 4455; x_wconf 88' lang='lat' dir='ltr'>cum</span> <span class='ocrx_word' id='word_1_413' title='bbox 1188 4395 1357 4475; x_wconf 88' lang='lat' dir='ltr'>hujusmodi</span> <span class='ocrx_word' id='word_1_414' title='bbox 1382 4394 1473 4475; x_wconf 82' lang='lat' dir='ltr'>globo</span> <span class='ocrx_word' id='word_1_415' title='bbox 1498 4384 1708 4476; x_wconf 64' lang='lat' dir='ltr'>crystallini*</span> 
     </span>
     <span class='ocr_line' id='line_1_44' title="bbox 394 4477 1708 4564; baseline -0.006 -18"><span class='ocrx_word' id='word_1_416' title='bbox 394 4502 488 4564; x_wconf 91' lang='lat' dir='ltr'>aqueo</span> <span class='ocrx_word' id='word_1_417' title='bbox 513 4489 617 4543; x_wconf 86' lang='lat' dir='ltr'>contra</span> <span class='ocrx_word' id='word_1_418' title='bbox 642 4481 804 4540; x_wconf 89' lang='lat' dir='ltr'>fenestram</span> <span class='ocrx_word' id='word_1_419' title='bbox 828 4480 954 4541; x_wconf 87' lang='lat' dir='ltr'>vitream</span> <span class='ocrx_word' id='word_1_420' title='bbox 979 4481 1092 4542; x_wconf 89' lang='lat' dir='ltr'>stetin</span> <span class='ocrx_word' id='word_1_421' title='bbox 1117 4484 1251 4545; x_wconf 86' lang='lat' dir='ltr'>conclavi</span> <span class='ocrx_word' id='word_1_422' title='bbox 1276 4483 1393 4562; x_wconf 85' lang='lat' dir='ltr'>aliquo,</span> <span class='ocrx_word' id='word_1_423' title='bbox 1419 4484 1621 4564; x_wconf 88' lang='lat' dir='ltr'>adhibeatque</span> <span class='ocrx_word' id='word_1_424' title='bbox 1644 4477 1708 4541; x_wconf 75' lang='lat' dir='ltr'>altar</span> 
     </span>
     <span class='ocr_line' id='line_1_45' title="bbox 394 4567 1708 4653; baseline -0.003 -21"><span class='ocrx_word' id='word_1_425' title='bbox 394 4590 539 4653; x_wconf 89' lang='lat' dir='ltr'>papyrum</span> <span class='ocrx_word' id='word_1_426' title='bbox 558 4577 628 4648; x_wconf 88' lang='lat' dir='ltr'>post</span> <span class='ocrx_word' id='word_1_427' title='bbox 646 4567 776 4647; x_wconf 91' lang='lat' dir='ltr'>globum,</span> <span class='ocrx_word' id='word_1_428' title='bbox 801 4568 1024 4631; x_wconf 88' lang='lat' dir='ltr'>semidiametro</span> <span class='ocrx_word' id='word_1_429' title='bbox 1043 4569 1125 4648; x_wconf 88' lang='lat' dir='ltr'>globi</span> <span class='ocrx_word' id='word_1_430' title='bbox 1141 4591 1159 4631; x_wconf 91' lang='lat' dir='ltr'>a</span> <span class='ocrx_word' id='word_1_431' title='bbox 1174 4572 1308 4651; x_wconf 85' lang='lat' dir='ltr'>margine</span> <span class='ocrx_word' id='word_1_432' title='bbox 1327 4572 1410 4652; x_wconf 86' lang='lat' dir='ltr'>globi</span> <span class='ocrx_word' id='word_1_433' title='bbox 1433 4581 1589 4646; x_wconf 88' lang='lat' dir='ltr'>remotam,</span> <span class='ocrx_word' id='word_1_434' title='bbox 1615 4571 1708 4634; x_wconf 74' lang='lat' dir='ltr'>fenestt</span> 
     </span>
     <span class='ocr_line' id='line_1_46' title="bbox 340 4655 1686 4737; baseline 0.003 -19"><span class='ocrx_word' id='word_1_435' title='bbox 340 4660 343 4665; x_wconf 86' lang='lat'>&#39;</span> <span class='ocrx_word' id='word_1_436' title='bbox 395 4662 492 4723; x_wconf 91' lang='lat' dir='ltr'>vitrea</span> <span class='ocrx_word' id='word_1_437' title='bbox 516 4677 581 4720; x_wconf 92' lang='lat' dir='ltr'>cum</span> <span class='ocrx_word' id='word_1_438' title='bbox 605 4655 730 4718; x_wconf 82' lang='lat' dir='ltr'>intextis</span> <span class='ocrx_word' id='word_1_439' title='bbox 755 4674 793 4716; x_wconf 84' lang='lat' dir='ltr'>ex</span> <span class='ocrx_word' id='word_1_440' title='bbox 815 4655 896 4735; x_wconf 90' lang='lat' dir='ltr'>ligno</span> <span class='ocrx_word' id='word_1_441' title='bbox 922 4667 953 4718; x_wconf 90' lang='lat' dir='ltr'>et</span> <span class='ocrx_word' id='word_1_442' title='bbox 968 4657 1094 4737; x_wconf 87' lang='lat' dir='ltr'>&#39;plumbo</span> <span class='ocrx_word' id='word_1_443' title='bbox 1119 4659 1274 4721; x_wconf 89' lang='lat' dir='ltr'>canalibus</span> <span class='ocrx_word' id='word_1_444' title='bbox 1302 4659 1447 4722; x_wconf 90' lang='lat' dir='ltr'>vitrorum</span> <span class='ocrx_word' id='word_1_445' title='bbox 1478 4660 1586 4724; x_wconf 93' lang='lat' dir='ltr'>limbos</span> <span class='ocrx_word' id='word_1_446' title='bbox 1610 4661 1686 4731; x_wconf 63' lang='lat' dir='ltr'>obe„</span> 
     </span>
    </p>

    <p class='ocr_par' dir='ltr' id='par_1_8' title="bbox 395 4744 1665 4827">
     <span class='ocr_line' id='line_1_47' title="bbox 395 4744 1665 4827; baseline 0.001 -18"><span class='ocrx_word' id='word_1_447' title='bbox 395 4750 476 4811; x_wconf 91' lang='lat' dir='ltr'>tibus</span> <span class='ocrx_word' id='word_1_448' title='bbox 500 4746 666 4809; x_wconf 90' lang='lat' dir='ltr'>clarissime</span> <span class='ocrx_word' id='word_1_449' title='bbox 689 4744 821 4825; x_wconf 90' lang='lat' dir='ltr'>pingitur</span> <span class='ocrx_word' id='word_1_450' title='bbox 844 4764 933 4823; x_wconf 90' lang='lat' dir='ltr'>super</span> <span class='ocrx_word' id='word_1_451' title='bbox 961 4765 1120 4827; x_wconf 85' lang='lat' dir='ltr'>papyrum,</span> <span class='ocrx_word' id='word_1_452' title='bbox 1150 4767 1255 4810; x_wconf 90' lang='lat' dir='ltr'>everso</span> <span class='ocrx_word' id='word_1_453' title='bbox 1285 4757 1385 4810; x_wconf 86' lang='lat' dir='ltr'>tamen</span> <span class='ocrx_word' id='word_1_454' title='bbox 1410 4749 1480 4812; x_wconf 91' lang='lat' dir='ltr'>situ.</span> <span class='ocrx_word' id='word_1_455' title='bbox 1530 4750 1613 4812; x_wconf 89' lang='lat' dir='ltr'>Idem</span> <span class='ocrx_word' id='word_1_456' title='bbox 1636 4749 1665 4823; x_wconf 88' lang='lat' dir='ltr'>f</span> 
     </span>
    </p>

    <p class='ocr_par' dir='ltr' id='par_1_9' title="bbox 396 4833 1697 4919">
     <span class='ocr_line' id='line_1_48' title="bbox 396 4833 1697 4919; baseline -0.002 -20"><span class='ocrx_word' id='word_1_457' title='bbox 396 4857 444 4900; x_wconf 88' lang='lat' dir='ltr'>res</span> <span class='ocrx_word' id='word_1_458' title='bbox 476 4844 613 4911; x_wconf 88' lang='lat' dir='ltr'>ceterae,</span> <span class='ocrx_word' id='word_1_459' title='bbox 646 4834 672 4895; x_wconf 88' lang='lat' dir='ltr'>si</span> <span class='ocrx_word' id='word_1_460' title='bbox 701 4833 790 4913; x_wconf 90' lang='lat' dir='ltr'>paulo</span> <span class='ocrx_word' id='word_1_461' title='bbox 823 4833 889 4912; x_wconf 91' lang='lat' dir='ltr'>plus</span> <span class='ocrx_word' id='word_1_462' title='bbox 921 4833 1133 4896; x_wconf 84' lang='lat' dir='ltr'>obtenebretur</span> <span class='ocrx_word' id='word_1_463' title='bbox 1166 4838 1267 4912; x_wconf 86' lang='lat' dir='ltr'>locus;</span> <span class='ocrx_word' id='word_1_464' title='bbox 1301 4838 1376 4898; x_wconf 89' lang='lat' dir='ltr'>adeo</span> <span class='ocrx_word' id='word_1_465' title='bbox 1407 4846 1439 4899; x_wconf 91' lang='lat' dir='ltr'>ut</span> <span class='ocrx_word' id='word_1_466' title='bbox 1471 4838 1562 4919; x_wconf 88' lang='lat' dir='ltr'>globo</span> <span class='ocrx_word' id='word_1_467' title='bbox 1596 4838 1697 4919; x_wconf 69' lang='lat' dir='ltr'>aquen}</span> 
     </span>
    </p>

    <p class='ocr_par' dir='ltr' id='par_1_10' title="bbox 395 4921 1708 5099">
     <span class='ocr_line' id='line_1_49' title="bbox 395 4921 1704 5010; baseline 0.001 -23"><span class='ocrx_word' id='word_1_468' title='bbox 395 4944 546 4988; x_wconf 88' lang='lat' dir='ltr'>cameram</span> <span class='ocrx_word' id='word_1_469' title='bbox 570 4943 658 5004; x_wconf 90' lang='lat' dir='ltr'>quam</span> <span class='ocrx_word' id='word_1_470' title='bbox 681 4928 772 5002; x_wconf 84' lang='lat' dir='ltr'>snpra</span> <span class='ocrx_word' id='word_1_471' title='bbox 792 4921 1003 5002; x_wconf 88' lang='lat' dir='ltr'>descripsimus</span> <span class='ocrx_word' id='word_1_472' title='bbox 1028 4924 1109 5002; x_wconf 89' lang='lat' dir='ltr'>(cap.</span> <span class='ocrx_word' id='word_1_473' title='bbox 1125 4925 1166 5000; x_wconf 94' lang='lat' dir='ltr'>ll,</span> <span class='ocrx_word' id='word_1_474' title='bbox 1189 4949 1219 5010; x_wconf 90' lang='lat' dir='ltr'>p.</span> <span class='ocrx_word' id='word_1_475' title='bbox 1236 4924 1271 5000; x_wconf 80' lang='lat'>7)</span> <span class='ocrx_word' id='word_1_476' title='bbox 1295 4926 1381 4988; x_wconf 90' lang='lat' dir='ltr'>illato</span> <span class='ocrx_word' id='word_1_477' title='bbox 1397 4935 1428 4988; x_wconf 90' lang='lat' dir='ltr'>et</span> <span class='ocrx_word' id='word_1_478' title='bbox 1452 4927 1632 4989; x_wconf 86' lang='lat' dir='ltr'>fenestellae</span> <span class='ocrx_word' id='word_1_479' title='bbox 1659 4931 1661 4933; x_wconf 76' lang='grc'><strong><em>’</em></strong></span> <span class='ocrx_word' id='word_1_480' title='bbox 1701 5002 1704 5009; x_wconf 76' lang='lat'>,</span> 
     </span>
     <span class='ocr_line' id='line_1_50' title="bbox 396 5010 1708 5099; baseline 0 -23"><span class='ocrx_word' id='word_1_481' title='bbox 396 5014 474 5087; x_wconf 86' lang='lat' dir='ltr'>sito,</span> <span class='ocrx_word' id='word_1_482' title='bbox 509 5031 700 5093; x_wconf 88' lang='lat' dir='ltr'>quaecuuque</span> <span class='ocrx_word' id='word_1_483' title='bbox 732 5030 786 5092; x_wconf 91' lang='lat' dir='ltr'>per</span> <span class='ocrx_word' id='word_1_484' title='bbox 819 5010 1044 5091; x_wconf 89' lang='lat' dir='ltr'>amplitudinem</span> <span class='ocrx_word' id='word_1_485' title='bbox 1078 5013 1254 5077; x_wconf 89' lang='lat' dir='ltr'>fenestellae</span> <span class='ocrx_word' id='word_1_486' title='bbox 1286 5034 1339 5076; x_wconf 91' lang='lat' dir='ltr'>seu</span> <span class='ocrx_word' id='word_1_487' title='bbox 1373 5015 1528 5078; x_wconf 86' lang='lat' dir='ltr'>foraminis</span> <span class='ocrx_word' id='word_1_488' title='bbox 1561 5020 1708 5099; x_wconf 81' lang='lat' dir='ltr'>possuntt</span> 
     </span>
    </p>
   </div>
   <div class='ocr_carea' id='block_1_5' title="bbox 0 0 1813 5759">
    <p class='ocr_par' dir='ltr' id='par_1_11' title="bbox 0 0 1813 5759">
     <span class='ocr_line' id='line_1_51' title="bbox 0 0 1813 5759; baseline 0 0"><span class='ocrx_word' id='word_1_489' title='bbox 0 0 1813 5759; x_wconf 95' lang='lat' dir='ltr'> </span> 
     </span>
    </p>
   </div>
  </div>
 </body>
</html>
