3600 5759
303 424 313 430 ⁸
395 449 461 517 5¹8
1005 446 1146 500 ommno.

395 635 429 689 ut
451 625 555 687 multis
584 642 642 685 non
673 623 785 703 ingenii
818 623 969 685 hebetudo
997 623 1051 684 sed
1080 622 1213 685 doctoris
1245 624 1333 703 culpa
1364 624 1579 704 impedimento
1602 622 1661 697 sit,

396 716 493 777 minus
517 713 632 791 scripta
655 719 686 773 et
708 713 917 774 demonstrata
940 711 1129 792 percipiant:
1155 710 1199 772 eis
1225 712 1317 789 igitur·
1344 721 1378 773 ut
1397 714 1584 774 consulerem
1607 730 1669 792 quat

395 803 442 864 hic
467 802 578 863 tradidi
603 800 732 873 brevius,
756 801 817 861 alia
839 801 994 880 prolixius,
1020 800 1165 862 nonnulla
1187 799 1256 861 aliis
1280 800 1379 862 verbis
1403 801 1541 881 concepi;
1566 801 1669 863 delinit

395 890 607 958 terminorum,
637 907 711 969 quos
735 908 845 969 usurpo
868 890 1053 968 geometrica
1075 889 1234 962 libertate,
1269 890 1409 952 continuo
1434 908 1556 951 nurnero
1579 890 1659 951 inter

395 979 563 1060 positiones
595 977 771 1058 opportunis
800 978 872 1039 locis
910 979 1065 1052 recensui3
1103 977 1260 1040 schemata
1296 979 1387 1059 (quae
1424 988 1495 1040 snut
1531 987 1669 1057 geometr

395 1067 543 1147 genuinae
574 1066 695 1139 literae)
729 1067 816 1146 plura
847 1066 961 1128 addidi.
1017 1064 1086 1137 Qua
1116 1064 1208 1146 o'pera
1238 1066 1264 1126 si
1297 1086 1355 1128 uon
1386 1086 1504 1128 ornnem
1535 1067 1667 1131 obscurit

396 1155 516 1229 sustuli,
542 1173 631 1235 spero
654 1153 861 1233 philosophiae
885 1155 1041 1217 studiosos
1061 1154 1262 1217 imbecillitati
1286 1174 1372 1216 meae
1395 1155 1508 1236 aliquid
1531 1156 1669 1217 condona

395 1256 575 1324 operamque
599 1243 677 1303 hanc
700 1242 770 1303 boui
793 1244 992 1305 consulturos.

484 1332 578 1393 Porro
603 1331 632 1390 in
656 1330 733 1392 hauc
767 1351 867 1393 curam
891 1352 926 1394 eo
954 1331 1144 1412 potissimum
1174 1338 1310 1410 ternpore
1342 1330 1478 1404 incubui,
1511 1349 1569 1411 quo
1600 1331 1667 1410 inge

395 1439 492 1482 meum
517 1418 704 1481 lamentabili
734 1420 861 1499 quodam
895 1421 1006 1500 frigore
1038 1427 1161 1499 torpens
1179 1413 1219 1492 ¹⁸)
1252 1417 1307 1481 Sol
1338 1418 1630 1496 munificentissimus
1656 1440 1669 1500 p

397 1507 513 1570 sentiae
537 1507 622 1569 Rm
649 1517 680 1568 et
703 1506 761 1569 δ”·
786 1507 841 1571 0³⁸·
877 1511 959 1570 Tuae
988 1508 1201 1581 concalefacit,
1236 1508 1530 1588 clementissimaque
1563 1507 1637 1587 Ejus
1666 1532 1669 1566 a

394 1598 465 1676 quia
489 1604 520 1658 et
548 1597 686 1658 hortatus
718 1597 814 1659 crebri
842 1598 936 1659 veluti
959 1596 1126 1659 Mercurius
1159 1596 1268 1677 aliquis
1291 1616 1306 1656 e
1331 1615 1435 1658 somno
1465 1597 1649 1671 excitarunt3

395 1686 523 1764 denique
556 1678 763 1761 mathematici
791 1695 823 1747 et
850 1685 1026 1748 cubicularii
1056 1684 1164 1753 nobilis
1187 1685 1226 1746 D.
1250 1684 1377 1747 Joanuis
1401 1684 1609 1747 Zuckmesseri
1636 1684 1669 1763 ju

394 1774 520 1835 (lissima
543 1773 631 1834 siruul
651 1782 682 1834 et
700 1773 944 1852 ingeniosissima
967 1774 1210 1836 machinamenta
1228 1774 1382 1835 manuario
1405 1775 1607 1853 vitrorumque
1628 1792 1669 1851 exp

367 1862 491 1923 tiones
522 1861 802 1936 artificiosissimae,
836 1863 942 1942 quibus
974 1863 1013 1926 R.
1038 1861 1070 1925 S.
1097 1861 1132 1925 0.
1158 1862 1252 1924 Tuam
1280 1863 1401 1923 mirilico
1430 1863 1576 1923 delectari
1599 1860 1669 1921 ridel

394 1950 433 2012 ad
457 1950 590 2029 ejusdem
623 1951 714 2012 veluti
745 1951 833 2014 oflicii
866 1951 1097 2013 aemulationem
1128 1959 1340 2035 provocarunt.
1357 1946 1398 2023 ¹⁰)
1454 1947 1572 2020 Quodsi
1606 1969 1646 2011 me

393 2039 584 2117 impellerent
611 2038 667 2100 hae
698 2038 867 2118 singulares
898 2058 1009 2102 causae
1033 2041 1072 2100 ad
1095 2039 1269 2119 Dioptricen
1303 2040 1379 2100 banc
1412 2057 1510 2100 meam
1534 2038 1572 2100 R.
1596 2045 1623 2099 et
1642 2036 1669 2098 S.

393 2128 475 2188 Tuae
499 2126 714 2189 dedicandam:
741 2137 810 2188 tuno
835 2129 882 2190 rel
906 2129 973 2190 sola
995 2126 1098 2190 illain
1121 2146 1231 2208 genere
1254 2128 1415 2200 sufficeret,
1440 2128 1520 2208 quod
1544 2127 1669 2188 mathema

394 2215 502 2291 libelli,
527 2224 560 2276 ut
588 2215 695 2276 remoti
717 2236 736 2277 a
759 2216 840 2296 vulgi
873 2224 964 2297 captu
988 2234 1081 2298 eoque
1106 2217 1264 2291 contemti,
1298 2215 1408 2280 nemini
1441 2216 1554 2278 rectius
1576 2216 1666 2277 offeruu

394 2322 482 2382 quam
506 2303 556 2383 qui
580 2304 616 2364 de
641 2303 701 2365 illis
725 2304 862 2384 judicare
890 2313 1039 2385 possunt;
1072 2324 1147 2386 quos
1171 2305 1234 2366 acri
1262 2304 1381 2384 iugenio
1406 2325 1425 2365 a
1448 2314 1557 2366 natura
1584 2303 1669 2364 instruc

393 2409 476 2453 amor
507 2391 716 2472 philosophiae
746 2402 779 2454 et
807 2393 964 2455 meditatio
995 2394 1034 2456 ad
1069 2394 1235 2474 perfectam
1273 2392 1378 2454 barum
1410 2412 1508 2455 rerum
1548 2390 1669 2468 cognition

392 2480 540 2559 prorexit.
588 2477 658 2550 Qua
681 2482 712 2543 in
736 2483 907 2561 cognitione
932 2501 1001 2544 uum
1024 2501 1111 2563 quem
1134 2482 1212 2544 iuter
1236 2481 1392 2561 Principes
1416 2481 1510 2543 Viros
1533 2482 1588 2543 hoc
1608 2488 1668 2556 temp

392 2587 495 2649 parem
518 2568 643 2642 habeas,
665 2569 880 2651 incompertum
904 2570 976 2632 mihi
998 2580 1063 2632 est:
1095 2570 1175 2632 iuter
1196 2573 1385 2652 professores
1408 2581 1491 2633 certe
1515 2568 1669 2632 academiae

393 2656 442 2738 qui
464 2656 533 2718 huic
551 2657 665 2737 judicio
688 2678 778 2739 pares
801 2660 872 2733 siut,
896 2659 1054 2740 pauciores
1078 2658 1276 2739 reperiuntur,
1301 2677 1389 2738 quam
1413 2677 1452 2720 ex
1475 2678 1530 2720 usu
1552 2658 1599 2719 sit.

313 2743 318 2747 ’
480 2744 598 2817 Quodsi
630 2747 712 2809 nulla
742 2749 771 2811 in
804 2747 991 2812 creberrimis
1022 2747 1164 2810 librorum
1196 2746 1436 2809 dedicationibus
1466 2747 1608 2809 fucatiora
1630 2759 1669 2805 ess

390 2842 585 2914 patronorum
609 2835 758 2912 encomia,
791 2856 878 2918 quam
902 2845 972 2898 sunt
994 2837 1073 2912 ista,
1103 2836 1193 2898 credo
1216 2837 1314 2910 fidem,
1339 2855 1427 2916 quam
1452 2836 1532 2898 circa
1553 2844 1669 2916 patronor

391 2924 518 2984 virtutes
551 2925 613 2985 fere
645 2924 828 2988 decoxerant
858 2924 1079 2999 dedicationes,
1114 2924 1197 2987 brevi
1227 2933 1444 2986 restaurarent.
1491 2925 1590 3004 Atque
1617 2938 1659 3000 ego

391 3012 468 3073 huuc
492 3012 588 3091 ipsum
618 3012 706 3075 finem
738 3015 919 3094 supersedeo
950 3014 1080 3094 reliquas
1105 3013 1239 3089 (utheri
1268 3014 1346 3076 solet
1368 3012 1400 3075 in
1429 3009 1658 3080 dedicationibus)

391 3107 422 3162 et
452 3098 486 3162 S.
523 3099 559 3163 Ο.
600 3102 681 3171 Tuae
714 3121 947 3165 commemorare
981 3102 1124 3176 virtuteS,
1159 3122 1196 3164 ne
1227 3110 1310 3164 sutor
1342 3102 1423 3164 ultra
1453 3102 1601 3182 crepidam
1626 3112 1669 3175 ΒΨ

389 3189 467 3250 velle
492 3189 604 3253 videar.

478 3278 525 3339 De
549 3287 649 3340 cetero
674 3297 730 3340 non
756 3277 846 3341 aliam
875 3278 982 3341 lectori
1014 3279 1165 3358 suspendo
1196 3278 1356 3353 hederam,
1387 3296 1478 3356 quam
1502 3288 1535 3340 ut
1558 3276 1583 3340 ei
1601 3272 1669 3337 iudice

390 3365 522 3429 libellum
545 3387 564 3428 a
587 3366 643 3428 tali
666 3368 799 3448 principe
823 3368 1049 3448 comprobatum
1078 3358 1230 3448 lucemque
1254 3366 1356 3428 videre
1381 3366 1511 3445 jussum.
1555 3366 1593 3428 Et
1608 3363 1656 3444 jan

390 3463 422 3515 et
454 3453 488 3516 S.
523 3453 558 3517 C.
591 3457 652 3516 rsus.
685 3475 731 3516 me
764 3455 987 3534 subjectissime
1019 3456 1204 3517 commendo.
1259 3456 1349 3518 Vale.
1390 3452 1456 3517 Cal.
1487 3452 1669 3517 Jaunariistl

391 3541 540 3602 undecimi
563 3543 600 3603 de
624 3543 726 3604 seculo
750 3543 880 3622 septimo
905 3545 1037 3607 decimo:
1063 3562 1150 3624 quem
1172 3543 1211 3606 R.
1236 3543 1323 3606 etS.
1346 3541 1382 3607 Ο.
1400 3544 1462 3606 Τ“’Ἰ
1486 3542 1660 3607 felicissimum

391 3630 617 3709 gubernatione,
643 3631 860 3711 insapientiae
880 3633 990 3708 studio,
1011 3632 1100 3713 inque
1117 3634 1251 3713 corporis
1271 3633 1384 3694 tuenda
1404 3635 1537 3696 sanitate
1559 3637 1669 3708 complett

703 3772 986 3836 Reverendissimae
1010 3781 1042 3834 et
1065 3772 1284 3836 Sereuissimae
1309 3771 1344 3836 0.
1368 3774 1429 3834 T*

943 3914 1166 3978 Devotissimus

930 4021 933 4027 r
1185 4052 1217 4115 S.
1244 4052 1278 4116 G.
1303 4053 1395 4116 ΜΨ·
1417 4049 1635 4117 Mathematicus

1255 4179 1398 4245 Jocanee
1418 4178 1583 4264 Καρίην.
