3600 5759
151 1178 626 1303 ranusrnrssriro
669 1226 742 1300 nr
777 1222 1338 1301 aavaaannrssmro

599 1386 728 1448 Domino
753 1387 880 1448 Domino

454 1522 712 1625 sonmo
753 1506 1023 1622 ammons

309 1685 580 1781 saannrssnu
603 1686 745 1777 nsum
769 1665 1014 1748 narnuruan
1039 1684 1165 1748 nuors

548 1828 925 1910 mmmm

644 1948 831 2053 llllllblll,

479 2076 613 2128 Domino
640 2091 705 2126 mee
734 2075 992 2125 Gelcndiaaimo.

153 2235 358 2298 illustrissime
381 2237 524 2314 Domine,
547 2236 718 2318 Epistolam
742 2236 818 2296 hanc
846 2254 957 2296 meaur‘
973 2237 1013 2298 ad
1037 2235 1207 2300 Galilaeum
1232 2221 1443 2312 Galilaeums

148 2343 268 2386 asserem
288 2323 533 2389 mathematicum
551 2327 581 2388 ia
601 2322 795 2388 celeberrima
814 2324 968 2385 academia
986 2325 1137 2388 Patavina
1159 2327 1195 2387 de
1214 2326 1331 2389 Nuacio
1351 2327 1415 2406 ejus

148 2431 188 2474 reo
212 2413 411 2493 perscriptam
434 2416 550 2496 etjam
574 2415 654 2498 typis
689 2413 889 2492 descriptam,
925 2414 972 2475 cui
1002 2415 1101 2493 potius
1125 2414 1299 2489 inscribam,
1325 2435 1415 2496 quem

156 2501 192 2563 1)ι
231 2503 284 2563 ‘P‘
316 2521 373 2564 noa
405 2504 535 2567 invenio.
581 2505 628 2566 Tu
660 2502 739 2564 enirn
771 2501 942 2562 exerendae
975 2502 1056 2563 illius
1089 2513 1194 2565 auctor
1227 2504 1298 2565 mihi
1331 2504 1414 2566 suisti
1499 2579 1501 2586 Ι

148 2610 188 2652 nn
211 2592 390 2653 transmisso
414 2593 453 2654 ad
477 2613 523 2655 me
538 2594 595 2656 VI.
615 2593 659 2654 Id.
676 2590 790 2673 Aprilis
813 2608 867 2670 per
890 2590 1035 2653 Thornam
1059 2590 1224 2670 Segethum
1249 2594 1413 2671 exemplari
1458 2663 1460 2671 ,
1489 2664 1490 2673 ¹

148 2679 172 2740 :ii
194 2679 327 2756 Siderei,
360 2689 392 2742 et
420 2681 468 2744 dic
492 2682 565 2745 mihi
595 2679 675 2743 dicto
708 2680 747 2741 ad
770 2680 855 2751 Idus,
889 2698 946 2758 quo
970 2681 1013 2740 Te
1038 2680 1242 2742 convenirem:
1280 2689 1350 2759 post
1381 2690 1416 2744 nt

148 2769 227 2844 tarni,
253 2769 407 2848 praelecta
430 2771 501 2833 mihi
525 2791 564 2834 ex
586 2770 682 2833 literis
706 2769 745 2830 ad
769 2768 811 2828 Te
837 2767 969 2830 Galilaei
992 2769 1196 2848 postulatione
1221 2779 1331 2850 tuaque
1354 2771 1413 2832 ad-

148 2875 171 2918 ·a
192 2857 419 2920 cohortatione:
457 2879 517 2940 qua
540 2868 682 2939 percepta
714 2866 746 2929 et
778 2856 899 2937 promisi
925 2876 970 2918 me
995 2858 1074 2920 intra
1098 2857 1193 2933 diem,
1227 2877 1283 2937 quo
1315 2859 1415 2920 solent

148 2965 328 3020 scursores,
353 2956 544 3011 exaratorum
568 2947 680 3028 aliquid
713 2954 744 3007 et
775 2945 927 3025 praestiti.
974 2943 1037 3008 Sed
1069 2956 1101 3007 et
1128 2966 1221 3027 nuper
1253 2947 1413 3008 admodum

148 3053 164 3106 a,
187 3055 253 3097 cum
277 3035 396 3097 obviurn
420 3037 594 3110 habuisses,
621 3035 780 3114 diligenter
803 3034 935 3114 petiisti,
962 3043 994 3095 ut
1016 3037 1184 3116 exemplum
1208 3036 1355 3115 epistolae
1388 3035 1414 3097 si

167 3123 358 3185 retinuissem
373 3124 439 3186 Tibi
455 3127 647 3188 concederem
663 3124 839 3202 legendum:
863 3123 960 3204 ipsam
976 3124 1085 3204 quippe
1110 3125 1278 3204 epistolam,
1303 3143 1411 3205 quarn-

148 3222 278 3291 apertam
312 3213 532 3281 exhibuissem.
565 3233 619 3293 per
641 3211 854 3291 occupationes
877 3213 958 3273 illius
982 3213 1042 3273 diei
1062 3231 1118 3273 non
1133 3213 1268 3293 potuisse
1283 3231 1413 3292 cognos-

148 3302 252 3381 :quod
276 3320 392 3363 rursum
415 3303 539 3382 promisi
562 3321 608 3364 mc
633 3303 779 3362 iacturum
803 3299 930 3378 primum
954 3308 1045 3379 atque
1069 3301 1108 3361 ad
1123 3301 1262 3363 mundum
1277 3300 1414 3380 descrip-

149 3407 183 3450 m.
232 3387 365 3470 Concepi
388 3400 488 3452 autem
512 3393 594 3454 illam
618 3389 701 3452 initio
725 3388 840 3466 etjam
865 3388 946 3470 typis
979 3389 1115 3468 expressi
1145 3397 1231 3451 tanto
1262 3390 1412 3465 libentius,

169 3486 200 3539 et
223 3476 399 3554 Galilaeus,
434 3481 473 3542 ad
497 3477 583 3562 quem
607 3479 659 3541 illa
682 3476 909 3551 destinabatur,
944 3478 1189 3541 Mediceorum
1213 3478 1306 3541 cliens
1331 3487 1415 3543 esset

148 3566 284 3629 ledicei
316 3569 460 3649 principis
483 3570 588 3648 Magni
611 3566 772 3629 Hetruriae
796 3566 889 3626 Ducis
913 3566 1062 3645 Legatos,
1087 3567 1152 3646 ipse
1176 3587 1291 3648 quoque
1323 3576 1414 3649 gente

148 3653 264 3718 licens
287 3656 344 3718 hoe
368 3679 386 3719 e
409 3678 456 3719 me
488 3666 624 3738 peteret;
663 3665 695 3717 et
726 3654 853 3733 denique
883 3656 1029 3728 materia,
1066 3657 1102 3716 de
1135 3675 1194 3736 qua
1226 3657 1415 3720 scribendam

148 3790 154 3815 ,
188 3751 273 3806 esset
299 3738 463 3826 ejusmodi,
496 3766 554 3827 qna
577 3745 738 3826 (siquidem
762 3761 835 3803 vera
857 3745 1064 3818 traderentur)
1088 3743 1254 3826 Medicei
1287 3745 1414 3811 nominis

150 3851 163 3892 s
186 3833 319 3895 auctoris
343 3836 468 3898 consilio
492 3834 800 3916 comprehenderetur.

158 3922 269 4002 Accipe
292 3921 384 4003 igitur
407 3925 570 3988 Illusuisse
600 3924 644 3985 D⁰
675 3940 714 3983 ex
736 3920 856 3999 privata
880 3929 912 3981 et
936 3919 1069 3982 Galilaei
1101 3922 1225 4001 propria
1263 3922 1414 4001 publicam

148 4010 271 4090 riptione
295 4013 424 4088 sectam,
457 4015 579 4093 publica
606 4010 756 4075 dicatione
776 4009 840 4088 jam
864 4009 977 4070 Tuam:
1016 4027 1111 4088 exque
1144 4011 1200 4071 hac
1223 4010 1413 4072 dedicatione

148 4100 198 4162 {um
221 4119 321 4162 meum
343 4101 372 4162 in
397 4103 525 4164 veritate
550 4111 589 4177 et,
615 4100 693 4181 quod
726 4099 783 4159 hac
806 4098 874 4159 sola
896 4098 1010 4167 nititur,
1035 4097 1194 4160 Medicei
1227 4098 1414 4177 principatus

148 4206 174 4249 re
214 4195 288 4268 post
311 4187 484 4253 Galilaeum
518 4187 858 4253 auctorem.asserend0
882 4205 1046 4265 cognosce;
1083 4205 1237 4267 meumque
1271 4205 1343 4265 erga
1366 4186 1413 4247 Ill.
1487 4197 1492 4206 ‘

148 4276 159 4338 ¹.
181 4278 313 4339 animum
336 4278 375 4352 ad
399 4280 543 4361 obsequia
565 4277 788 4358 paratissimum
808 4276 946 4338 aestima.
983 4273 1120 4354 Denique
1134 4294 1181 4336 me
1196 4275 1275 4337 inter
1289 4274 1415 4336 clientes

163 4385 298 4428 numera.
345 4361 434 4430 Vale.
460 4369 501 4430 V.
533 4369 613 4430 Non.
637 4365 750 4444 Majas.
797 4364 886 4425 Anao
916 4361 1032 4426 Christi
1063 4362 1185 4424 Domini
1207 4361 1339 4426 Mucx.

582 4494 585 4502 ’
653 4487 701 4550 Ill.
725 4487 763 4549 D.
788 4486 825 4548 Τ.

562 4613 602 4674 ad
624 4609 768 4691 obsequia
791 4611 919 4672 devotus

943 4732 1086 4795 Jooaaes
1106 4731 1275 4814 Raptam,
1454 4816 1455 4819 Ἴ

899 4818 932 4884 S.
957 4819 994 4883 O.
1018 4821 1061 4882 M.
1085 4821 1329 4884 Mathematicus.
