3600 5759
668 457 699 507 rs
717 457 789 507 son
809 456 912 522 oscen
1420 447 1460 522 51

152 633 222 696 leiim
238 652 357 695 mouens
381 638 415 694 et
437 631 513 694 aiios
527 638 617 693 notes
640 631 678 692 de
692 628 773 692 Solis
797 629 902 710 eclipsi
926 630 1131 700 observanda,
1155 630 1183 691 si
1205 632 1283 693 iorte
1307 650 1365 695 oon
1380 634 1462 713 prius

152 724 224 802 legant
241 731 332 784 tueum
355 722 474 783 librum.

213 843 422 908 Breuggerus:
451 841 525 911 Quae
548 842 579 892 de
606 849 720 891 natura
746 839 882 891 Loueris
911 844 1052 906 corporis
1078 844 1196 906 scripsisti
1222 841 1287 907 (cap.
1307 842 1359 905 Vl,
1379 843 1403 893 2.
1425 842 1462 905 9),

153 914 202 964 rrlle
214 915 262 963 milri
278 914 389 964 arrident
407 921 433 963 et
450 927 538 978 pamm
556 914 628 963 abest
646 915 703 977 quin
723 913 811 963 cedam
829 914 854 961 iu
873 919 942 961 tuam
955 915 1116 970 seutentiam
1137 930 1216 978 neque
1229 915 1255 963 id
1267 914 1381 979 displicet
1399 916 1464 980 quod

154 988 185 1040 ais
198 984 249 1034 ilem
264 985 443 1049 quodammodo
462 998 478 1035 a
496 985 574 1035 Terra
591 992 677 1034 nostra
694 984 810 1033 illustrari
827 981 873 1044 (ib.
895 981 950 1045 10.)
970 1009 1002 1019 -
1023 983 1129 1042 Verum,
1148 1000 1223 1050 quam
1241 986 1332 1036 eximia
1350 993 1376 1036 et
1394 989 1463 1051 inge·

152 1058 202 1104 dore
214 1063 243 1106 est
257 1057 355 1105 umbrae
368 1056 461 1105 Terrae
479 1050 655 1120 perscrutatio!
675 1053 741 1119 (cap.
756 1052 826 1116 vti.)
847 1084 878 1093 —
899 1054 961 1103 Cum
973 1056 1107 1106 inciderem
1124 1058 1149 1105 iu
1163 1057 1268 1122 figuram
1280 1057 1349 1107 illam
1368 1055 1411 1119 (ib.
1426 1055 1463 1117 5).

153 1127 199 1175 drus
212 1142 252 1175 enm
267 1126 324 1175 mihi
341 1130 395 1189 jam
413 1142 463 1175 uon
482 1126 587 1190 amplius
605 1127 630 1175 iu
649 1126 740 1182 Terra.
761 1126 804 1174 sed
823 1128 848 1174 in
866 1126 919 1190 ipso
938 1126 1039 1176 aethere
1057 1129 1148 1177 versari
1167 1135 1192 1177 et
1210 1129 1259 1176 ista
1280 1142 1363 1177 curam
1382 1127 1463 1190 adspi-

154 1211 202 1252 cere:
215 1198 353 1260 praeclarum
373 1204 441 1247 certe
459 1198 505 1246 hoc
525 1203 563 1246 est
581 1203 608 1246 et
625 1211 721 1245 summe
738 1196 812 1246 laude
832 1196 933 1261 dignum
950 1199 1084 1258 inventum,
1106 1201 1175 1261 cujus
1189 1214 1235 1262 ope
1248 1199 1318 1248 rideo
1331 1199 1462 1248 nonnullas

153 1272 278 1331 marmoree
295 1283 360 1332 quae
377 1270 468 1318 mismo
486 1282 526 1317 me
543 1268 691 1331 torquebant
710 1274 794 1324 antea,
814 1267 1009 1317 commodissime
1027 1283 1098 1331 posse
1117 1268 1185 1318 solvi.

217 1339 305 1389 &stom
324 1340 383 1388 mihi
398 1340 486 1396 iecisti.
508 1339 573 1403 quod
592 1338 623 1388 de
636 1338 691 1389 loco
704 1339 821 1388 stellae
840 1352 938 1387 neree
958 1340 1085 1389 certiorem
1097 1354 1136 1389 me
1150 1341 1243 1390 iecisti:
1263 1339 1363 1390 dabitur
1373 1353 1462 1404 prope·

154 1408 199 1458 dieu
212 1413 295 1461 occasio
308 1425 392 1459 rursus
413 1424 467 1460 eam
481 1409 634 1460 observandi.
673 1409 761 1459 Ortum
780 1412 832 1473 ejus
851 1424 895 1457 seo
914 1411 1033 1474 originem
1054 1411 1132 1460 resero
1151 1413 1177 1460 in
1195 1412 1260 1462 diem
1282 1410 1307 1459 4.
1321 1411 1391 1472 Oct..
1414 1427 1461 1476 quo

154 1480 222 1543 Jupiter
232 1489 251 1530 et
261 1480 327 1530 liare
339 1482 366 1530 iu
379 1481 465 1531 eodem
479 1481 558 1546 gradu
578 1481 619 1529 ubi
632 1494 697 1529 nuuc
710 1481 783 1530 steila
794 1480 882 1530 haeret
896 1483 976 1543 juncti
989 1481 1087 1530 iuenrnt
1104 1485 1176 1543 juxta
1187 1483 1291 1532 Leoritii
1308 1490 1461 1546 computum:

154 1558 173 1599 et
187 1553 201 1599 ri
213 1552 280 1600 iumen
301 1555 354 1614 ejus
373 1553 505 1606 iutuemur.
519 1552 628 1600 ridemus
648 1566 703 1600 enm
723 1551 842 1601 aemulari
860 1550 961 1609 Jorcm;
989 1552 1033 1600 sed
1051 1554 1109 1617 quia
1126 1555 1208 1618 magis
1227 1554 1330 1604 rutilans
1349 1560 1461 1616 apparet,
1514 1567 1520 1577 ·

157 1623 225 1672 ridetur
234 1626 299 1672 etiam
321 1624 469 1686 participare
488 1622 519 1673 de
541 1628 632 1671 nesure
643 1621 739 1672 Martis.
776 1621 860 1684 (Quae
878 1622 919 1671 hic
931 1623 962 1672 de
975 1637 1040 1672 nora
1051 1624 1124 1673 stella
1135 1626 1221 1687 paucis
1242 1624 1355 1689 proponit
1366 1624 1461 1690 Breug·

154 1705 211 1755 pu.
224 1696 267 1743 siue
295 1694 367 1744 dubio
388 1693 617 1758 spectentKepleri
636 1694 723 1743 literas
743 1694 843 1757 priores.
862 1707 935 1756 queo.
955 1700 1077 1758 utsupra
1094 1695 1206 1752 diximus.
1229 1695 1371 1757 deperditae
1395 1703 1463 1744 sunt.

155 1763 234 1822 stead
243 1765 299 1815 haec
311 1765 438 1828 respondit
448 1764 580 1829 Keplerus.
600 1764 716 1828 leguntur
727 1766 752 1813 in
765 1764 918 1829 praefatione
938 1764 971 1814 ad
984 1766 1072 1814 libnrm
1091 1766 1122 1816 de
1140 1765 1212 1815 Nora
1227 1763 1321 1826 steila)

216 1834 255 1885 Sed
277 1842 302 1886 ct
322 1844 420 1900 tempus
443 1843 469 1884 et
489 1836 576 1885 charta
597 1850 636 1884 me
656 1845 758 1885 monent
782 1842 810 1884 ut
830 1836 932 1884 taudem
954 1836 1028 1885 finem
1050 1837 1142 1887 taciem
1162 1838 1291 1886 scribendi¹
1338 1836 1411 1898 Vide,
1429 1838 1463 1885 mi

154 1904 360 1971 deprensarum
381 1909 408 1956 iu
428 1921 468 1956 me
482 1908 585 1956 creverit
604 1906 634 1956 de
647 1906 802 1956 humanitate
823 1912 868 1955 tua
890 1907 989 1968 fiducia,
1009 1913 1039 1956 ut
1058 1924 1107 1957 nou
1121 1922 1208 1957 verear
1220 1923 1252 1957 ea
1274 1908 1382 1957 tamdiu
1394 1907 1463 1956 abuti

155 1979 247 2033 etouois.
259 1993 321 2042 quae
333 1981 359 2028 iu
372 1978 477 2027 buccam
489 1977 548 2027 mihi
560 1979 670 2034 veniunt,
694 1978 726 2027 ad
739 1984 763 2027 te
775 1977 852 2027 libere
865 1991 976 2027 exarare.
1016 1977 1088 2038 Quod
1109 1980 1129 2028 si
1142 1980 1192 2028 ista
1210 1994 1326 2042 responso
1347 1979 1463 2043 dignatus

154 2047 210 2102 lutra
224 2052 298 2115 negni
310 2049 369 2113 quid
382 2056 560 2113 muscquutum
580 2064 621 2098 me
632 2050 733 2110 putabo.
771 2048 876 2098 Gratum
893 2048 953 2097 mihi
970 2049 1068 2105 iecoris,
1091 2052 1111 2099 si
1132 2065 1216 2099 rerum
1230 2051 1327 2100 Arcturi
1341 2060 1367 2099 et
1378 2051 1464 2113 spicae

154 2114 230 2183 lipsi:
245 2120 321 2170 iocum
340 2122 366 2169 in
380 2120 481 2169 zodiaco
502 2120 561 2169 milui
579 2134 623 2183 per
642 2119 727 2169 literas
746 2120 930 2184 significaveris.
968 2119 1041 2169 Volui
1058 2123 1123 2170 enim
1141 2136 1219 2185 nuper
1231 2122 1256 2171 d.
1270 2118 1294 2168 3.
1308 2121 1370 2170 Dec.
1389 2134 1464 2170 mane

154 2192 257 2246 madere
268 2191 349 2241 iocum
361 2190 468 2240 Veneris
477 2192 502 2239 in
516 2191 583 2240 coelo
597 2204 627 2239 ac
640 2205 696 2240 curn
708 2191 812 2239 Leovitii
826 2198 852 2240 et
864 2189 960 2254 Magini
974 2191 1174 2253 Ephemoridibus
1187 2193 1305 2252 conferre,
1317 2200 1346 2241 ut
1357 2192 1464 2241 riderem

154 2252 240 2322 ederim
258 2268 398 2326 computum
417 2262 515 2324 propius
535 2261 681 2311 accederet:
713 2261 862 2324 deprehendi
883 2268 967 2311 autem
995 2276 1068 2312 mane
1099 2264 1165 2312 circa
1186 2263 1311 2312 dimidiam
1334 2265 1464 2326 septimam

154 2329 332 2395 tanumeros
352 2334 451 2396 aspice
463 2331 570 2396 Virginis
584 2327 615 2378 7⁰
627 2329 670 2381 to‘
690 2337 716 2381 et
734 2332 765 2381 ab
778 2334 882 2382 Arcturo
896 2329 945 2379 ¹29⁰
961 2330 1009 2381 14¹.
1038 2332 1126 2398 Itaque
1145 2334 1206 2384 locis
1218 2336 1321 2383 istarum
1330 2334 1464 2388 ,stellarum

152 2402 243 2459 lanuini
261 2418 319 2467 opus
333 2410 379 2453 ert.
417 2401 558 2467 Secundum
576 2402 675 2452 tabulas
688 2402 783 2468 Magini
800 2403 844 2453 illa
860 2410 898 2452 est
916 2405 941 2452 io
958 2399 1003 2451 18⁰
1015 2402 1040 2453 δ’
1056 2405 1154 2461 Librae.
1173 2419 1230 2456 cum
1248 2407 1293 2454 lat.
1313 2419 1373 2455 mer.
1387 2399 1419 2451 2⁰
1429 2401 1463 2455 θ’.

154 2469 231 2523 basciu
249 2470 294 2524 18⁰
312 2472 356 2524 28‘
379 2474 479 2531 Librae,
499 2487 555 2523 com
573 2474 618 2523 lat
641 2473 692 2522 bor.
711 2470 761 2522 ³1⁰
780 2470 832 2522 30⁴.
876 2473 988 2537 Optarim
1010 2481 1095 2525 muron
1116 2478 1178 2526 scire
1207 2490 1239 2526 au
1258 2477 1297 2527 his
1318 2475 1466 2539 astipuletur
1504 2505 1507 2512 s
1543 2476 1547 2485 “

154 2538 243 2604 Troianis
260 2529 405 2596 obsenatio.

216 2613 278 2673 lule,
297 2616 344 2666 Vir
356 2616 526 2671 amatissime.
548 2619 575 2663 et
593 2628 662 2678 porro
683 2617 857 2680 rempublicam
870 2615 1005 2667 literarium
1018 2632 1074 2668 cum
1087 2619 1135 2666 tuis
1153 2616 1281 2668 foecundis
1296 2624 1322 2666 et
1333 2616 1465 2682 ingeniosis

154 2681 323 2738 menone
346 2687 426 2736 colere
440 2694 466 2736 et
479 2685 629 2748 locupletare
642 2700 726 2751 perge.
763 2687 874 2752 Insuper,
892 2688 913 2736 si
933 2702 974 2737 me
986 2688 1042 2737 Tua
1054 2689 1165 2739 amicitis
1184 2685 1285 2754 dignum
1307 2702 1402 2743 censes.
1425 2687 1465 2736 iac

154 2760 176 2801 ut
189 2754 235 2806 irrri
249 2773 390 2823 responsum
409 2758 442 2807 ad
459 2771 499 2806 me
517 2758 611 2806 mittas.

216 2827 501 2879 rammasses.
521 2827 578 2877 Jau.
600 2824 676 2876 root.
1117 2829 1184 2878 Tuus

923 2898 967 2950 Jo.
1000 2902 1108 2965 Georg.
1138 2902 1360 2965 Breuggerus,

951 2970 1041 3021 ibidem
1059 2970 1180 3034 Physicus
1198 2970 1343 3020 ordinarius.

216 3112 401 3193 Keplerus:
433 3109 528 3172 Miror
550 3110 593 3171 Te
617 3109 768 3191 Tychonis
793 3109 1072 3193 progymnasmatis
1103 3131 1198 3191 aequo
1229 3111 1328 3173 animo
1352 3129 1465 3173 carere.

151 3199 265 3264 horrus
287 3221 365 3263 anuo
391 3194 477 3262 <1600
500 3197 650 3278 completo
674 3197 703 3258 iu
731 3193 789 3260 18⁰
812 3194 911 3277 39¹l2‘
934 3210 996 3272 ὲ,
1020 3200 1074 3262 let.
1100 3196 1162 3263 31⁰
1177 3196 1254 3284 2¹l2‘
1276 3201 1349 3275 bon,
1374 3199 1467 3279 Spica

150 3286 172 3346 ir
195 3284 236 3352 18⁰
257 3287 315 3367 itt,
340 3291 395 3351 lat.
424 3282 526 3350 1⁰59‘
550 3293 645 3348 austr.
670 3285 807 3349 refertur.
854 3289 981 3364 Laetor,
1006 3298 1037 3351 te
1061 3289 1322 3351 observationibus
1346 3308 1466 3369 operam

149 3373 213 3437 dere.
249 3379 291 3441 At
312 3383 452 3460 praestat
474 3397 494 3438 a
516 3375 608 3437 stella
628 3374 753 3435 zodiaco
777 3376 876 3439 vicina
899 3387 983 3452 ente,
1008 3386 1040 3439 et
1062 3398 1122 3439 una
1143 3386 1215 3458 post
1236 3379 1391 3458 planetam
1413 3395 1466 3458 pro

147 3463 301 3543 ennodius
324 3468 487 3529 observare
495 3483 505 3540 3
533 3483 587 3543 pro
611 3462 771 3524 latitudine
795 3484 865 3528 veru
889 3488 909 3527 a
930 3467 1205 3546 septentrionaliori
1228 3474 1261 3529 et
1284 3466 1465 3542 australiori,

146 3571 208 3631 quer
225 3564 288 3618 suut
309 3555 443 3636 proxime
466 3554 495 3614 io
519 3553 626 3615 eadem
650 3570 717 3613 curu
739 3551 863 3629 planeta
886 3554 1081 3635 longitudine.

217 3641 416 3707 Conclusionie
439 3642 505 3704 loco
528 3657 692 3721 proponam
716 3639 771 3701 tibi
795 3644 927 3723 opticam
958 3644 1178 3725 quaestionem,
1212 3644 1259 3705 cui
1291 3643 1466 3705 enodandae

143 3728 202 3807 plus
225 3733 273 3795 tibi
294 3740 368 3813 puto
399 3733 463 3794 iore
488 3729 551 3792 otii.
597 3728 654 3789 Die
679 3724 732 3790 20.
757 3730 831 3793 Dec.
856 3731 923 3793 risa
956 3741 1004 3795 est
1036 3733 1104 3794 irie
1137 3732 1305 3795 clarissime
1341 3732 1370 3792 in
1401 3732 1467 3811 ipso

142 3816 211 3880 Sors
228 3830 344 3897 exortu,
368 3839 462 3901 eaque
485 3837 542 3881 non
563 3823 681 3879 tastum
703 3814 753 3876 hic

141 3904 248 3985 Pinnae,
268 3910 322 3972 sed
337 3908 429 3971 etiem
444 3905 595 3978 Venetiis,
617 3902 748 3976 Patavii,
1070 3938 1123 4002 rig.
1143 3934 1184 3985 28.

139 3991 295 4075 &operti
333 3995 473 4069 Graeoii3
510 4012 653 4073 compara
684 4009 751 4053 curu

137 4081 273 4147 attributis
304 4085 389 4160 aliis,
422 4102 499 4164 quae
529 4081 692 4162 perscripsi
723 4079 753 4140 in

136 4167 241 4251 Optieie
270 4175 350 4257 (cap.
374 4173 433 4247 IV,
464 4172 608 4243 inuio).
655 4168 752 4230 Vides

136 4258 294 4338 audete,
327 4260 451 4324 cuilibet
479 4260 584 4321 iridem
608 4275 754 4338 apparere

133 4348 285 4429 propriam,
305 4368 405 4430 oeque
427 4355 545 4410 tautum
560 4346 598 4408 ob
621 4345 754 4426 pluriam
1133 4385 1159 4410 e

132 4436 183 4510 sed
204 4438 381 4501 edamadris
395 4435 623 4516 dispositionem
636 4434 667 4495 in
682 4438 753 4512 gut·
945 4454 954 4459 ·
1258 4449 1263 4457 ·

131 4526 169 4588 tis
190 4528 320 4589 ementis
336 4525 478 4587 existere.
510 4523 541 4585 Δ
555 4522 597 4584 sit
620 4530 753 4584 centrum

129 4613 218 4690 vidue,
238 4613 346 4679 BCDF
378 4611 602 4685 semicirculus,
627 4609 755 4672 metiens

127 4702 265 4768 maura
304 4703 448 4782 angulos,
491 4699 545 4763 Sol
581 4699 623 4761 sit
657 4698 688 4759 in
722 4696 803 4758 linea
839 4696 905 4759 AF.
961 4700 1065 4764 Posito
1102 4707 1181 4785 quod
1219 4706 1276 4769 As*
1312 4706 1353 4768 sit
1389 4710 1471 4773 hori.

124 4810 176 4870 uere
208 4799 239 4855 et
269 4791 347 4873 quod
377 4797 441 4851 tam
470 4788 522 4851 iris
554 4805 645 4867 quam
677 4785 746 4846 halo
780 4784 842 4845 sint
864 4785 906 4846 nil
928 4786 987 4849 nisi
1010 4791 1087 4853 radii
1110 4790 1192 4855 Solis
1215 4794 1352 4870 refracti,
1381 4818 1474 4862 causa

124 4878 238 4962 putabit
260 4899 311 4942 cur
333 4885 441 4940 centra
454 4875 552 4949 Solis,
574 4874 657 4936 visus
680 4880 713 4935 et
736 4890 857 4934 erenum
879 4873 985 4936 sintin
1000 4880 1106 4940 eadem
1129 4888 1227 4955 recta,
1253 4881 1322 4960 quia
1345 4884 1473 4950 circurn-

122 4959 254 5033 e‘ru'eaiu
277 4966 394 5029 eedem*
409 4972 494 5027 reete
515 4963 576 5043 erit
597 4962 704 5024 eadem
728 4958 884 5038 dispositio
908 4962 949 5024 ad
972 4966 1194 5030 refractionem.
1241 4970 1284 5031 Et
1306 4991 1400 5037 causa
1423 4994 1475 5039 cor

1223 5070 1262 5122 4.
